1737 2804
307 190 547 239 muca-A
575 197 1194 255 HYMENOPTERA,Sphex.
1305 214 1385 259 227

466 305 581 355 Dese.
611 304 650 345 T
647 316 711 345 ota
741 315 826 348 atra
841 336 856 357 ,
880 308 1017 348 nitida.
1037 308 1199 350 Femora
1217 321 1387 363 quatuor

522 360 652 400 antica
670 363 781 416 nigra
801 389 812 407 ,
834 362 943 416 apice
963 361 1202 418 ferruginea.
1220 365 1386 406 Femora

523 414 670 467 postica
711 416 828 458 valde
867 417 1052 470 elongata
1075 448 1089 470 ,
1130 418 1246 461 clava
1287 419 1387 462 rufa.

520 467 561 509 T
558 471 641 509 ihiae
667 471 816 524 nigrae,
847 472 1035 513 incurvae.

648 598 713 636 Ex
742 597 883 639 Enum-

139 701 359 747 Austriaca.
387 715 457 746 21.
486 706 525 746 S.
556 708 573 757 (
600 705 866 747 I’Autrichien
902 706 919 755 )
974 707 1086 760 nigra
1116 737 1128 758 ,
1179 708 1389 752 abdomine

519 761 748 814 peciolam,
785 762 833 800 ad
858 759 962 800 basin
1004 761 1122 802 fascia
1164 764 1390 817 punstisque

518 816 670 859 duobus
703 815 919 868 sulphureis
939 845 951 864 ‚
983 816 1145 868 pedibus
1180 816 1390 870 sulphureo

520 871 735 922 variegatis
753 899 766 919 ,
800 868 1057 923 posteriorum
1088 869 1302 912 femoribus
1328 874 1392 912 in-

524 924 711 963 crassaris.

465 976 563 1016 Hah.
606 979 803 1025 Viennae,
849 977 891 1016 in
929 979 1121 1030 parietum
1164 979 1387 1034 ligneorum

521 1029 791 1069 foraminibus.

464 1082 580 1131 Dese.
614 1080 654 1120 T
650 1093 716 1121 ota
743 1082 856 1135 nigra
875 1112 888 1131 ‚
928 1082 994 1122 sed
1023 1095 1124 1137 apex
1143 1087 1284 1136 petioli
1307 1090 1393 1128 sul-

515 1135 689 1188 phureus
709 1165 722 1185 ,
769 1134 963 1187 reliquum
1018 1139 1209 1179 abdomen
1267 1144 1393 1182 nitide

516 1200 668 1238 atrum,
690 1191 731 1229 in
753 1189 957 1243 segmento
988 1200 1119 1232 tamen
1141 1196 1264 1234 tertio
1291 1196 1393 1236 binae

518 1244 682 1285 maculae
707 1243 926 1297 sulphureae
951 1246 1075 1298 pistae.
1111 1247 1292 1301 Ejusdem
1320 1264 1393 1290 co-

515 1298 612 1339 loris
647 1297 845 1353 sulphurei
873 1299 959 1340 sunt
998 1302 1133 1350 tibiae,
1171 1316 1247 1354 qua
1280 1315 1393 1356 parte

515 1353 652 1407 plagas
721 1354 903 1406 corporis
962 1354 1149 1396 obversas
1190 1356 1361 1410 spestant
1380 1389 1394 1408 ,

513 1417 686 1459 quatuor
701 1409 866 1455 antica,
892 1410 1085 1450 interiore
1107 1411 1232 1452 latere
1265 1415 1390 1467 nigrae

515 1462 633 1512 sunt3
660 1463 755 1514 tarfi
786 1460 899 1503 fulvi.
927 1461 968 1502 T
963 1464 1049 1503 ibiae
1064 1464 1221 1518 posticae
1243 1465 1356 1508 fuscae
1385 1482 1394 1507 z

510 1517 690 1568 genicula
717 1518 849 1558 omnia
875 1517 1068 1571 sulpurea.
1089 1519 1283 1560 Aculeum
1310 1535 1393 1563 non

517 1572 682 1612 omnino
713 1571 932 1613 abscondit.

459 1625 551 1675 obs.
580 1628 647 1666 An
672 1626 946 1666 ichneumon?
978 1628 1044 1667 An
1070 1627 1225 1681 sphex?
1252 1633 1391 1672 Incer-

513 1690 596 1720 tum
643 1679 729 1729 est,
769 1692 887 1732 quum
932 1690 1194 1724 antennarum
1234 1686 1391 1727 articuli

520 1747 604 1775 non
634 1733 796 1776 fuerunt
827 1736 1093 1779 determinati.
1118 1740 1174 1780 V.

157 1862 365 1915 Vespifor—
395 1872 462 1903 22.
489 1861 531 1903 S.
562 1861 642 1914 (le
683 1860 922 1914 vespiforme
946 1863 965 1912 )
1008 1862 1204 1915 petiolata
1243 1866 1388 1920 nigra,

188 1919 271 1959 mis.
510 1915 720 1957 abdomine
774 1916 942 1971 cingulis
988 1917 1116 1958 tribus
1165 1920 1389 1974 punstisque

513 1971 668 2012 duobus
694 1970 856 2011 minutis
873 1999 887 2021 ,
921 1969 1049 2012 flavis.

458 2026 559 2071 Hab.
591 2027 776 2067 Viennae.
809 2028 854 2066 In
881 2025 1010 2066 Gallia
1037 2029 1092 2067 V.

456 2081 572 2131 Dqsc.
627 2081 771 2134 Nigra.
820 2078 1018 2120 Antennae
1059 2081 1137 2122 basi
1177 2082 1216 2124 δι
1255 2083 1387 2127 subtus

514 2136 645 2177 flavae.
687 2134 834 2175 Puncta
869 2145 963 2176 ante
998 2134 1089 2176 alas
1125 2140 1280 2178 anticas
1311 2141 1387 2180 sin-
1417 2141 1420 2144 ⁴

509 2189 623 2245 gulas
663 2187 780 2230 flava.
814 2189 962 2231 Fasciae
998 2198 1080 2231 tres
1120 2193 1384 2234 abdominales

514 2245 660 2293 flavae,
700 2256 863 2296 quarum
893 2257 971 2285 una
1007 2245 1048 2286 in
1078 2244 1155 2287 bafi
1194 2248 1386 2302 segmenti

511 2299 672 2340 secundi
698 2301 716 2350 (
741 2311 830 2339 nam
857 2300 1098 2351 segmentum.
1118 2303 1284 2353 primam
1306 2317 1385 2357 pe-

512 2354 635 2395 tiolus
670 2353 876 2396 *constituit
900 2357 946 2404 );
989 2367 1068 2395 una
1118 2370 1168 2396 ex
1223 2359 1383 2399 maculis

514 2409 664 2450 duabus
677 2408 794 2462 plana
823 2409 1012 2452 inclinata
1030 2410 1354 2455 constituentibus
1367 2444 1382 2465 ,

1080 2481 1165 2534 1³11·
