1737 2804
243 157 486 206 lNSEcTA
515 151 974 191 HYMENOPTERA.
1005 139 1260 184 Tenthredo.
1322 146 1401 194 107

519 271 601 303 mas
619 271 643 299 a
658 258 818 298 foemina
841 253 1000 304 differt3
1028 265 1118 292 nam
1145 250 1260 291 color
1274 247 1407 288 variat

525 316 686 356 ratione
716 311 858 364 sexus}
879 310 970 350 inde
991 307 1195 348 calamitas
1227 302 1407 355 descrip-

522 371 647 410 tionis
692 381 808 421 quae,
851 364 922 405 nisi
964 363 1152 414 utrinque
1187 359 1301 399 sexus
1335 359 1407 397 in-

524 427 660 473 tuitu,
710 436 786 464 nec
836 419 934 467 felix
980 430 1055 457 nec
1113 422 1298 455 accurata
1340 410 1410 453 est.

525 481 638 520 Cave
672 479 795 533 igitur
843 489 894 516 ne
930 472 1099 526 speeiem
1141 467 1410 522 pronunties,

528 536 674 589 ignoto
698 543 869 584 utroque
900 529 1009 571 sexu.
1029 528 1084 568 V.

198 647 381 700 Temula.
412 643 479 687 68.
511 645 562 685 T.
593 646 612 696 (
638 645 691 683 du
722 640 838 696 perfil
863 641 881 690 )
917 637 1101 680 antennis
1133 630 1416 688 septemnodiis

528 701 642 753 nigra
665 729 678 748 ‚
716 710 788 737 ore
833 695 983 749 punitis
1023 691 1176 732 duobus
1212 687 1280 729 sub
1319 688 1416 728 scu-

528 757 628 794 tello
646 781 657 799 ‚
686 752 906 792 abdominis
935 746 1098 802 cingulo
1133 745 1255 784 tertio
1287 740 1418 782 tibiis-

531 823 607 862 que
630 808 759 847 ssavis.

479 865 579 905 Hah.
607 864 647 902 in
693 865 866 913 Europa.
901 861 945 899 In
990 855 1154 896 floribus
1187 851 1420 906 petroselini

535 918 673 959 temuli
704 916 905 967 frequens.
931 915 977 952 In
996 910 1150 959 Gallia,
1173 921 1297 963 prope
1313 910 1422 961 Lug-

536 976 698 1011 dunum.
722 972 777 1009 V.

484 1027 600 1074 Defi.
646 1024 852 1062 Abdomen
892 1018 1027 1059 subtus
1062 1016 1203 1056 nullibi
1233 1017 1379 1056 ssavum
1406 1024 1426 1065 ,'

536 1080 744 1133 segmento
767 1083 911 1128 quarto
938 1070 1093 1112 macula
1120 1070 1275 1110 laterali
1293 1071 1422 1118 flava,

536 1132 701 1187 cingulo
732 1131 956 1183 adjacente.
998 1126 1161 1166 Femora
1211 1125 1344 1164 amica
1386 1125 1428 1163 &z

540 1189 668 1228 media
743 1186 856 1238 supra
927 1181 1183 1222 flavescentia
1213 1208 1224 1226 ‚
1291 1178 1428 1218 subtus

539 1244 681 1298 nigra;
707 1242 848 1293 postica
871 1247 959 1278 tota
981 1238 1109 1291 nigra.
1139 1234 1234 1274 Alae
1256 1234 1428 1281 antieae,

541 1299 648 1338 linea
691 1298 806 1351 nigra
854 1293 1096 1347 marginali,
1147 1289 1253 1331 costa
1293 1288 1428 1329 antice

542 1353 785 1407 ferruginea.

164 1468 389 1524 Cingulata.
419 1466 488 1522 69.
519 1466 570 1506 T.
601 1466 619 1516 (
659 1463 697 1504 la
742 1461 1012 1510 mandarine)
1039 1456 1229 1499 'antennis
1254 1454 1434 1508 septem-

545 1520 676 1560 nodiis
709 1518 853 1572 nigra,
896 1515 1049 1569 punffis
1088 1513 1191 1552 binis
1241 1509 1309 1550 sub
1347 1509 1436 1549 scu-

547 1574 646 1615 tello
701 1573 922 1613 abdominis
963 1569 1041 1610 basi
1076 1565 1229 1608 macula
1273 1565 1436 1619 trigona

496 1627 966 1735 Hass¹f¹g33¹⁰ss¹srzg¹gtmffi
989 1624 1144 1719 3553.
1179 1676 1303 1716 arvi..
1325 1676 1380 1715 v.

500 1741 619 1790 Defi'.
648 1738 704 1778 Os
738 1738 907 1792 nigrum.
941 1734 1059 1785 Palpz'
1091 1731 1202 1771 flavi.
1247 1727 1440 1781 Cingulus

555 1795 754 1834 abdomen
792 1800 923 1831 totum
962 1787 1157 1829 ad-instar
1183 1785 1317 1825 annu-li
1352 1796 1441 1823 am-

555 1849 746 1902 plestens.
780 1845 942 1884 Femora
962 1844 1104 1894 postica
1137 1841 1271 1880 subtus
1296 1840 1441 1893 nigra,

560 1904 677 1957 supra
702 1901 822 1942 flava.
855 1897 982 1941 Tibia»
1007 1895 1122 1938 rufae.

225 2017 401 2070 Signata.
430 2024 499 2068 70.
527 2014 580 2053 T.
611 2014 628 2064 (
654 2011 692 2052 la
723 2009 949 2063 marque‘te)
991 2006 1176 2047 antennis
1211 2004 1445 2058 septemno-

273 2078 277 2082 “
561 2069 664 2116 diis,
711 2068 853 2120 nigra,
896 2063 1047 2117 punffis
1094 2059 1196 2100 infra
1237 2058 1446 2100 scutellum

562 2124 664 2163 binis
680 2119 934 2173 manibusque
952 2117 1109 2172 p‘osticis
1126 2113 1446 2155 flavescentibus.

509 2179 609 2220 Hah.
640 2179 691 2228 in,
710 2179 885 2228 Europa.
922 2177 964 2216 In
995 2171 1124 2213 Gallia
1150 2169 1260 2209 Aust.
1282 2171 1337 2210 V.

511 2235 627 2284 Desb.
663 2230 764 2271 Tota
788 2231 913 2285 nigra.
939 2228 1102 2268 Macula
1123 2226 1252 2266 albida
1268 2225 1316 2264 ad
1334 2221 1449 2264 bases

567 2289 762 2329 femorum
796 2285 1049 2338 posticorum.
1088 2281 1126 2322 T
1126 2282 1212 2320 ibiae
1242 2280 1384 2319 anticae
1409 2278 1450 2318 ὅ(

565 2342 725 2398 posticae
770 2340 1045 2381 flavescentes.
1091 2336 1186 2379 Αἶα·
1228 2333 1447 2390 hyalinae;

568 2398 710 2449 antica*
744 2395 850 2447 costa
875 2396 1002 2451 nigra.
