<?xml version="1.0" encoding="UTF-8"?>
<!DOCTYPE html PUBLIC "-//W3C//DTD XHTML 1.0 Transitional//EN"
    "http://www.w3.org/TR/xhtml1/DTD/xhtml1-transitional.dtd">
<html xmlns="http://www.w3.org/1999/xhtml" xml:lang="en" lang="en">
 <head>
  <title>
</title>
<meta http-equiv="Content-Type" content="text/html;charset=utf-8" />
  <meta name='ocr-system' content='tesseract 3.04.00' />
  <meta name='ocr-capabilities' content='ocr_page ocr_carea ocr_par ocr_line ocrx_word'/>
</head>
<body>
  <div class='ocr_page' id='page_1' title='image "./carolilinnient03linn_0042.png"; bbox 0 0 1737 2804; ppageno 0'>
   <div class='ocr_carea' id='block_1_1' title="bbox 292 139 1397 196">
    <p class='ocr_par' dir='ltr' id='par_1_1' title="bbox 292 139 1397 196">
     <span class='ocr_line' id='line_1_1' title="bbox 292 139 1397 196; baseline 0.002 -16"><span class='ocrx_word' id='word_1_1' title='bbox 292 139 344 196; x_wconf 79' lang='lat'>36</span> <span class='ocrx_word' id='word_1_2' title='bbox 414 141 661 183; x_wconf 74' lang='lat' dir='ltr'>INSECTA</span> <span class='ocrx_word' id='word_1_3' title='bbox 693 143 1114 182; x_wconf 65' lang='lat' dir='ltr'>Naunopmzn-A.</span> <span class='ocrx_word' id='word_1_4' title='bbox 1137 140 1397 196; x_wconf 73' lang='lat' dir='ltr'>Phryganea.</span> 
     </span>
    </p>
   </div>
   <div class='ocr_carea' id='block_1_2' title="bbox 674 249 1568 687">
    <p class='ocr_par' dir='ltr' id='par_1_2' title="bbox 674 249 1568 687">
     <span class='ocr_line' id='line_1_2' title="bbox 674 249 1565 295; baseline 0 -3"><span class='ocrx_word' id='word_1_5' title='bbox 674 251 804 292; x_wconf 87' lang='lat' dir='ltr'>culice</span> <span class='ocrx_word' id='word_1_6' title='bbox 830 250 957 290; x_wconf 86' lang='lat' dir='ltr'>minus</span> <span class='ocrx_word' id='word_1_7' title='bbox 976 277 987 295; x_wconf 90' lang='lat'>,</span> <span class='ocrx_word' id='word_1_8' title='bbox 1019 249 1182 292; x_wconf 90' lang='lat' dir='ltr'>fuscum.</span> <span class='ocrx_word' id='word_1_9' title='bbox 1225 250 1428 290; x_wconf 79' lang='lat' dir='ltr'>Antennae</span> <span class='ocrx_word' id='word_1_10' title='bbox 1469 258 1565 292; x_wconf 66' lang='lat' dir='ltr'>cora</span> 
     </span>
     <span class='ocr_line' id='line_1_3' title="bbox 674 305 1564 360; baseline -0.001 -13"><span class='ocrx_word' id='word_1_11' title='bbox 674 319 775 360; x_wconf 87' lang='lat' dir='ltr'>pore</span> <span class='ocrx_word' id='word_1_12' title='bbox 801 305 1008 357; x_wconf 81' lang='lat' dir='ltr'><strong>longiores</strong></span> <span class='ocrx_word' id='word_1_13' title='bbox 1026 333 1039 354; x_wconf 93' lang='lat'><strong>‚</strong></span> <span class='ocrx_word' id='word_1_14' title='bbox 1071 305 1181 347; x_wconf 87' lang='lat' dir='ltr'>lente</span> <span class='ocrx_word' id='word_1_15' title='bbox 1208 305 1388 359; x_wconf 63' lang='lat' dir='ltr'>inspectae</span> <span class='ocrx_word' id='word_1_16' title='bbox 1409 305 1564 346; x_wconf 68' lang='lat' dir='ltr'>villosae</span> 
     </span>
     <span class='ocr_line' id='line_1_4' title="bbox 674 358 1565 414; baseline -0.001 -13"><span class='ocrx_word' id='word_1_17' title='bbox 674 363 882 414; x_wconf 82' lang='lat' dir='ltr'><strong>adparent.</strong></span> <span class='ocrx_word' id='word_1_18' title='bbox 904 358 960 397; x_wconf 83' lang='lat' dir='ltr'>Os</span> <span class='ocrx_word' id='word_1_19' title='bbox 977 369 1022 399; x_wconf 90' lang='lat' dir='ltr'>ut</span> <span class='ocrx_word' id='word_1_20' title='bbox 1047 360 1087 399; x_wconf 89' lang='lat' dir='ltr'>in</span> <span class='ocrx_word' id='word_1_21' title='bbox 1113 360 1277 412; x_wconf 88' lang='lat' dir='ltr'>reliquis</span> <span class='ocrx_word' id='word_1_22' title='bbox 1304 375 1394 402; x_wconf 89' lang='lat' dir='ltr'>cum</span> <span class='ocrx_word' id='word_1_23' title='bbox 1412 361 1536 414; x_wconf 86' lang='lat' dir='ltr'>palpis</span> <span class='ocrx_word' id='word_1_24' title='bbox 1550 389 1565 408; x_wconf 88' lang='lat'>‚</span> 
     </span>
     <span class='ocr_line' id='line_1_5' title="bbox 676 414 1567 466; baseline -0.002 -10"><span class='ocrx_word' id='word_1_25' title='bbox 676 419 698 465; x_wconf 89' lang='lat'><strong>(</strong></span> <span class='ocrx_word' id='word_1_26' title='bbox 717 417 898 466; x_wconf 84' lang='lat' dir='ltr'>adeoque</span> <span class='ocrx_word' id='word_1_27' title='bbox 916 427 998 454; x_wconf 92' lang='lat' dir='ltr'>non</span> <span class='ocrx_word' id='word_1_28' title='bbox 1027 414 1207 455; x_wconf 86' lang='lat' dir='ltr'>chermes</span> <span class='ocrx_word' id='word_1_29' title='bbox 1228 416 1245 465; x_wconf 93' lang='lat'><em>)</em></span> <span class='ocrx_word' id='word_1_30' title='bbox 1278 417 1433 456; x_wconf 87' lang='lat' dir='ltr'>accedit</span> <span class='ocrx_word' id='word_1_31' title='bbox 1459 418 1567 456; x_wconf 89' lang='lat' dir='ltr'>enim</span> 
     </span>
     <span class='ocr_line' id='line_1_6' title="bbox 674 469 1566 524; baseline -0.001 -13"><span class='ocrx_word' id='word_1_32' title='bbox 674 469 803 524; x_wconf 86' lang='lat' dir='ltr'>figura</span> <span class='ocrx_word' id='word_1_33' title='bbox 834 470 884 509; x_wconf 89' lang='lat' dir='ltr'>ad</span> <span class='ocrx_word' id='word_1_34' title='bbox 916 469 1116 510; x_wconf 89' lang='lat' dir='ltr'>chermem</span> <span class='ocrx_word' id='word_1_35' title='bbox 1156 470 1243 510; x_wconf 86' lang='lat' dir='ltr'>alis.</span> <span class='ocrx_word' id='word_1_36' title='bbox 1274 470 1370 509; x_wconf 83' lang='lat' dir='ltr'>Alae</span> <span class='ocrx_word' id='word_1_37' title='bbox 1392 483 1566 523; x_wconf 79' lang='lat' dir='ltr'>corpore</span> 
     </span>
     <span class='ocr_line' id='line_1_7' title="bbox 676 523 1566 578; baseline -0.001 -13"><span class='ocrx_word' id='word_1_38' title='bbox 676 525 885 578; x_wconf 85' lang='lat' dir='ltr'>longiores</span> <span class='ocrx_word' id='word_1_39' title='bbox 907 553 920 572; x_wconf 89' lang='lat'>,</span> <span class='ocrx_word' id='word_1_40' title='bbox 957 523 1095 564; x_wconf 89' lang='lat' dir='ltr'>versus</span> <span class='ocrx_word' id='word_1_41' title='bbox 1126 537 1272 578; x_wconf 89' lang='lat' dir='ltr'>corpus</span> <span class='ocrx_word' id='word_1_42' title='bbox 1308 538 1414 577; x_wconf 88' lang='lat' dir='ltr'>pone</span> <span class='ocrx_word' id='word_1_43' title='bbox 1447 539 1566 565; x_wconf 89' lang='lat' dir='ltr'>com-</span> 
     </span>
     <span class='ocr_line' id='line_1_8' title="bbox 674 579 1567 633; baseline 0.001 -14"><span class='ocrx_word' id='word_1_44' title='bbox 674 579 813 633; x_wconf 78' lang='lat' dir='ltr'>press&#39;ae</span> <span class='ocrx_word' id='word_1_45' title='bbox 831 608 843 627; x_wconf 86' lang='lat'>‚</span> <span class='ocrx_word' id='word_1_46' title='bbox 882 591 1020 630; x_wconf 87' lang='lat' dir='ltr'>aqueae</span> <span class='ocrx_word' id='word_1_47' title='bbox 1035 606 1048 626; x_wconf 89' lang='lat'><strong><em>,</em></strong></span> <span class='ocrx_word' id='word_1_48' title='bbox 1096 580 1250 620; x_wconf 79' lang='lat' dir='ltr'>macula</span> <span class='ocrx_word' id='word_1_49' title='bbox 1295 579 1486 620; x_wconf 88' lang='lat' dir='ltr'>subviridi</span> <span class='ocrx_word' id='word_1_50' title='bbox 1527 581 1567 620; x_wconf 77' lang='grc' dir='ltr'>ὅ(</span> 
     </span>
     <span class='ocr_line' id='line_1_9' title="bbox 676 632 1568 687; baseline 0 -13"><span class='ocrx_word' id='word_1_51' title='bbox 676 635 766 674; x_wconf 87' lang='lat' dir='ltr'>alba</span> <span class='ocrx_word' id='word_1_52' title='bbox 780 662 793 679; x_wconf 89' lang='lat'>,</span> <span class='ocrx_word' id='word_1_53' title='bbox 810 632 949 674; x_wconf 81' lang='lat' dir='ltr'>versus</span> <span class='ocrx_word' id='word_1_54' title='bbox 960 635 1182 687; x_wconf 84' lang='lat' dir='ltr'>marginem</span> <span class='ocrx_word' id='word_1_55' title='bbox 1198 635 1433 675; x_wconf 87' lang='lat' dir='ltr'>inferiorem</span> <span class='ocrx_word' id='word_1_56' title='bbox 1450 636 1568 675; x_wconf 83' lang='lat' dir='ltr'>venis</span> 
     </span>
    </p>
   </div>
   <div class='ocr_carea' id='block_1_3' title="bbox 676 687 1566 796">
    <p class='ocr_par' dir='ltr' id='par_1_3' title="bbox 676 687 1566 796">
     <span class='ocr_line' id='line_1_10' title="bbox 676 687 1566 781; baseline 0.006 -55"><span class='ocrx_word' id='word_1_57' title='bbox 676 689 831 781; x_wconf 51' lang='lat' dir='ltr'>rijgris,</span> <span class='ocrx_word' id='word_1_58' title='bbox 859 687 996 727; x_wconf 85' lang='lat' dir='ltr'>versus</span> <span class='ocrx_word' id='word_1_59' title='bbox 1023 687 1268 741; x_wconf 85' lang='lat' dir='ltr'>superiorem</span> <span class='ocrx_word' id='word_1_60' title='bbox 1302 691 1418 731; x_wconf 85' lang='lat' dir='ltr'>venis</span> <span class='ocrx_word' id='word_1_61' title='bbox 1453 690 1566 731; x_wconf 81' lang='lat' dir='ltr'>albis.</span> 
     </span>
     <span class='ocr_line' id='line_1_11' title="bbox 710 749 956 796; baseline 0.008 -15"><span class='ocrx_word' id='word_1_62' title='bbox 710 758 804 782; x_wconf 80' lang='lat' dir='ltr'>aun.</span> <span class='ocrx_word' id='word_1_63' title='bbox 832 749 956 796; x_wconf 84' lang='lat'>1503.</span> 
     </span>
    </p>
   </div>
   <div class='ocr_carea' id='block_1_4' title="bbox 733 851 1118 895">
    <p class='ocr_par' dir='ltr' id='par_1_4' title="bbox 733 851 1118 895">
     <span class='ocr_line' id='line_1_12' title="bbox 733 851 1118 895; baseline 0.008 -3"><span class='ocrx_word' id='word_1_64' title='bbox 733 851 798 892; x_wconf 78' lang='lat' dir='ltr'>Ex</span> <span class='ocrx_word' id='word_1_65' title='bbox 829 865 978 895; x_wconf 78' lang='lat' dir='ltr'>entom.</span> <span class='ocrx_word' id='word_1_66' title='bbox 1006 867 1118 895; x_wconf 83' lang='lat' dir='ltr'>carn.</span> 
     </span>
    </p>
   </div>
   <div class='ocr_carea' id='block_1_5' title="bbox 290 962 1573 1291">
    <p class='ocr_par' dir='ltr' id='par_1_5' title="bbox 290 962 1573 1291">
     <span class='ocr_line' id='line_1_13' title="bbox 290 962 1570 1026; baseline -0.001 -19"><span class='ocrx_word' id='word_1_67' title='bbox 290 963 537 1007; x_wconf 81' lang='lat' dir='ltr'>Albicornis.</span> <span class='ocrx_word' id='word_1_68' title='bbox 549 973 618 1019; x_wconf 84' lang='lat'>29.</span> <span class='ocrx_word' id='word_1_69' title='bbox 649 964 696 1004; x_wconf 93' lang='lat' dir='ltr'>P.</span> <span class='ocrx_word' id='word_1_70' title='bbox 729 964 758 1026; x_wconf 82' lang='lat'>(.</span> <span class='ocrx_word' id='word_1_71' title='bbox 772 962 1044 1014; x_wconf 81' lang='lat' dir='ltr'>l’albicorne)</span> <span class='ocrx_word' id='word_1_72' title='bbox 1068 962 1176 1005; x_wconf 88' lang='lat' dir='ltr'>fusca</span> <span class='ocrx_word' id='word_1_73' title='bbox 1193 992 1207 1015; x_wconf 93' lang='lat'><strong>,</strong></span> <span class='ocrx_word' id='word_1_74' title='bbox 1230 964 1415 1021; x_wconf 78' lang='lat' dir='ltr'>antennis</span> <span class='ocrx_word' id='word_1_75' title='bbox 1437 963 1570 1019; x_wconf 77' lang='lat' dir='ltr'>longis</span> 
     </span>
     <span class='ocr_line' id='line_1_14' title="bbox 622 1017 961 1127; baseline 0.006 -15"><span class='ocrx_word' id='word_1_76' title='bbox 622 1017 839 1114; x_wconf 40' lang='grc' dir='ltr'>Εηῗξιιῗιη.</span> <span class='ocrx_word' id='word_1_77' title='bbox 866 1071 961 1127; x_wconf 78' lang='lat'>619.</span> 
     </span>
     <span class='ocr_line' id='line_1_15' title="bbox 620 1128 1482 1182; baseline 0.002 -13"><span class='ocrx_word' id='word_1_78' title='bbox 620 1129 723 1170; x_wconf 79' lang='lat' dir='ltr'>Hah.</span> <span class='ocrx_word' id='word_1_79' title='bbox 751 1130 792 1169; x_wconf 84' lang='lat' dir='ltr'>in</span> <span class='ocrx_word' id='word_1_80' title='bbox 816 1131 992 1182; x_wconf 87' lang='lat' dir='ltr'><strong>Europa.</strong></span> <span class='ocrx_word' id='word_1_81' title='bbox 1019 1129 1064 1168; x_wconf 91' lang='lat' dir='ltr'>In</span> <span class='ocrx_word' id='word_1_82' title='bbox 1091 1128 1247 1168; x_wconf 82' lang='lat' dir='ltr'>Breffiae</span> <span class='ocrx_word' id='word_1_83' title='bbox 1276 1130 1403 1182; x_wconf 81' lang='lat' dir='ltr'>aquis.</span> <span class='ocrx_word' id='word_1_84' title='bbox 1425 1131 1482 1171; x_wconf 86' lang='lat' dir='ltr'>V.</span> 
     </span>
     <span class='ocr_line' id='line_1_16' title="bbox 621 1184 1573 1237; baseline -0.001 -13"><span class='ocrx_word' id='word_1_85' title='bbox 621 1184 737 1235; x_wconf 79' lang='lat' dir='ltr'>Dese.</span> <span class='ocrx_word' id='word_1_86' title='bbox 788 1184 1035 1237; x_wconf 78' lang='lat' dir='ltr'><strong>Magnitudo</strong></span> <span class='ocrx_word' id='word_1_87' title='bbox 1084 1185 1229 1224; x_wconf 77' lang='lat' dir='ltr'>media.</span> <span class='ocrx_word' id='word_1_88' title='bbox 1278 1185 1372 1223; x_wconf 72' lang='lat' dir='ltr'>Ala»</span> <span class='ocrx_word' id='word_1_89' title='bbox 1427 1185 1573 1228; x_wconf 76' lang='lat' dir='ltr'>anticae</span> 
     </span>
     <span class='ocr_line' id='line_1_17' title="bbox 677 1237 1570 1291; baseline -0.001 -12"><span class='ocrx_word' id='word_1_90' title='bbox 677 1239 820 1279; x_wconf 84' lang='lat' dir='ltr'>albidae</span> <span class='ocrx_word' id='word_1_91' title='bbox 837 1268 850 1286; x_wconf 93' lang='lat'><strong><em>,</em></strong></span> <span class='ocrx_word' id='word_1_92' title='bbox 881 1238 947 1278; x_wconf 88' lang='lat' dir='ltr'>sed</span> <span class='ocrx_word' id='word_1_93' title='bbox 971 1240 1104 1291; x_wconf 80' lang='lat' dir='ltr'>apices</span> <span class='ocrx_word' id='word_1_94' title='bbox 1127 1239 1302 1279; x_wconf 80' lang='lat' dir='ltr'>testacei.</span> <span class='ocrx_word' id='word_1_95' title='bbox 1339 1237 1570 1288; x_wconf 81' lang='lat' dir='ltr'>Antennae,</span> 
     </span>
    </p>
   </div>
   <div class='ocr_carea' id='block_1_6' title="bbox 676 1293 1571 1390">
    <p class='ocr_par' dir='ltr' id='par_1_6' title="bbox 676 1293 1571 1390">
     <span class='ocr_line' id='line_1_18' title="bbox 676 1293 1571 1348; baseline 0.001 -14"><span class='ocrx_word' id='word_1_96' title='bbox 676 1308 764 1347; x_wconf 84' lang='lat' dir='ltr'>quae</span> <span class='ocrx_word' id='word_1_97' title='bbox 812 1295 997 1346; x_wconf 88' lang='lat' dir='ltr'>corporis</span> <span class='ocrx_word' id='word_1_98' title='bbox 1037 1293 1334 1347; x_wconf 87' lang='lat' dir='ltr'>longitudinem</span> <span class='ocrx_word' id='word_1_99' title='bbox 1376 1304 1571 1348; x_wconf 77' lang='lat' dir='ltr'>aequant,</span> 
     </span>
     <span class='ocr_line' id='line_1_19' title="bbox 681 1350 919 1390; baseline -0.004 0"><span class='ocrx_word' id='word_1_100' title='bbox 681 1350 838 1390; x_wconf 86' lang='lat' dir='ltr'>albidae.</span> <span class='ocrx_word' id='word_1_101' title='bbox 866 1350 919 1390; x_wconf 90' lang='lat' dir='ltr'>V.</span> 
     </span>
    </p>
   </div>
   <div class='ocr_carea' id='block_1_7' title="bbox 321 1452 1575 1833">
    <p class='ocr_par' dir='ltr' id='par_1_7' title="bbox 321 1452 1575 1833">
     <span class='ocr_line' id='line_1_20' title="bbox 321 1452 1572 1516; baseline -0.002 -12"><span class='ocrx_word' id='word_1_102' title='bbox 321 1461 524 1504; x_wconf 80' lang='lat' dir='ltr'>Rufierus.</span> <span class='ocrx_word' id='word_1_103' title='bbox 558 1471 624 1516; x_wconf 83' lang='lat'>30.</span> <span class='ocrx_word' id='word_1_104' title='bbox 655 1461 703 1500; x_wconf 89' lang='lat' dir='ltr'>P.</span> <span class='ocrx_word' id='word_1_105' title='bbox 736 1462 754 1512; x_wconf 89' lang='lat'>(</span> <span class='ocrx_word' id='word_1_106' title='bbox 780 1460 817 1500; x_wconf 87' lang='lat' dir='ltr'>la</span> <span class='ocrx_word' id='word_1_107' title='bbox 844 1458 1118 1511; x_wconf 69' lang='lat' dir='ltr'>tuberculee)</span> <span class='ocrx_word' id='word_1_108' title='bbox 1150 1458 1282 1512; x_wconf 87' lang='lat' dir='ltr'>fusca,</span> <span class='ocrx_word' id='word_1_109' title='bbox 1316 1452 1425 1501; x_wconf 91' lang='lat' dir='ltr'>collo</span> <span class='ocrx_word' id='word_1_110' title='bbox 1460 1460 1572 1502; x_wconf 72' lang='lat' dir='ltr'>bitu-</span> 
     </span>
     <span class='ocr_line' id='line_1_21' title="bbox 678 1515 1039 1556; baseline 0.003 -1"><span class='ocrx_word' id='word_1_111' title='bbox 678 1515 889 1556; x_wconf 82' lang='lat' dir='ltr'>berculato</span> <span class='ocrx_word' id='word_1_112' title='bbox 916 1515 1039 1556; x_wconf 79' lang='lat' dir='ltr'>flavo.</span> 
     </span>
     <span class='ocr_line' id='line_1_22' title="bbox 627 1570 962 1623; baseline 0 -12"><span class='ocrx_word' id='word_1_113' title='bbox 627 1571 774 1611; x_wconf 76' lang='lat' dir='ltr'>Enum.</span> <span class='ocrx_word' id='word_1_114' title='bbox 801 1587 842 1611; x_wconf 86' lang='grc' dir='ltr'>η.</span> <span class='ocrx_word' id='word_1_115' title='bbox 866 1570 962 1623; x_wconf 82' lang='lat'>614.</span> 
     </span>
     <span class='ocr_line' id='line_1_23' title="bbox 626 1625 1211 1678; baseline 0 -11"><span class='ocrx_word' id='word_1_116' title='bbox 626 1626 728 1667; x_wconf 77' lang='lat' dir='ltr'>Hah.</span> <span class='ocrx_word' id='word_1_117' title='bbox 766 1627 805 1665; x_wconf 86' lang='lat' dir='ltr'>in</span> <span class='ocrx_word' id='word_1_118' title='bbox 839 1627 950 1678; x_wconf 88' lang='lat' dir='ltr'>aquis</span> <span class='ocrx_word' id='word_1_119' title='bbox 981 1625 1211 1667; x_wconf 85' lang='lat' dir='ltr'>fluentibus.</span> 
     </span>
     <span class='ocr_line' id='line_1_24' title="bbox 624 1680 1575 1736; baseline 0 -14"><span class='ocrx_word' id='word_1_120' title='bbox 624 1682 742 1732; x_wconf 78' lang='lat' dir='ltr'>Desc.</span> <span class='ocrx_word' id='word_1_121' title='bbox 776 1681 931 1721; x_wconf 79' lang='lat' dir='ltr'>Collum</span> <span class='ocrx_word' id='word_1_122' title='bbox 952 1710 964 1727; x_wconf 91' lang='lat'>‚</span> <span class='ocrx_word' id='word_1_123' title='bbox 997 1683 1106 1734; x_wconf 88' lang='lat' dir='ltr'>quod</span> <span class='ocrx_word' id='word_1_124' title='bbox 1144 1690 1264 1736; x_wconf 86' lang='lat' dir='ltr'>caput</span> <span class='ocrx_word' id='word_1_125' title='bbox 1309 1680 1469 1723; x_wconf 83' lang='lat' dir='ltr'>thoraci</span> <span class='ocrx_word' id='word_1_126' title='bbox 1505 1684 1575 1723; x_wconf 85' lang='lat' dir='ltr'>ad-</span> 
     </span>
     <span class='ocr_line' id='line_1_25' title="bbox 680 1736 1574 1790; baseline 0.001 -13"><span class='ocrx_word' id='word_1_127' title='bbox 680 1737 833 1786; x_wconf 55' lang='lat' dir='ltr'>nectit,</span> <span class='ocrx_word' id='word_1_128' title='bbox 875 1736 1083 1790; x_wconf 86' lang='lat' dir='ltr'>eleganter</span> <span class='ocrx_word' id='word_1_129' title='bbox 1128 1737 1277 1778; x_wconf 87' lang='lat' dir='ltr'>flavum</span> <span class='ocrx_word' id='word_1_130' title='bbox 1300 1768 1313 1786; x_wconf 83' lang='lat'><em>‚</em></span> <span class='ocrx_word' id='word_1_131' title='bbox 1355 1737 1574 1779; x_wconf 78' lang='lat' dir='ltr'>tuberculis</span> 
     </span>
     <span class='ocr_line' id='line_1_26' title="bbox 679 1791 1518 1833; baseline 0.001 -1"><span class='ocrx_word' id='word_1_132' title='bbox 679 1792 784 1832; x_wconf 86' lang='lat' dir='ltr'>binis</span> <span class='ocrx_word' id='word_1_133' title='bbox 813 1791 998 1832; x_wconf 82' lang='lat' dir='ltr'>elevatis.</span> <span class='ocrx_word' id='word_1_134' title='bbox 1032 1792 1196 1831; x_wconf 81' lang='lat' dir='ltr'>Femora</span> <span class='ocrx_word' id='word_1_135' title='bbox 1226 1792 1345 1833; x_wconf 79' lang='lat' dir='ltr'>flava.</span> <span class='ocrx_word' id='word_1_136' title='bbox 1373 1793 1518 1833; x_wconf 84' lang='lat' dir='ltr'>Enum.</span> 
     </span>
    </p>
   </div>
   <div class='ocr_carea' id='block_1_8' title="bbox 332 1899 1582 2453">
    <p class='ocr_par' dir='ltr' id='par_1_8' title="bbox 332 1899 1577 2066">
     <span class='ocr_line' id='line_1_27' title="bbox 332 1899 1577 1961; baseline -0.002 -13"><span class='ocrx_word' id='word_1_137' title='bbox 332 1905 529 1961; x_wconf 81' lang='lat' dir='ltr'>Ferrugi-</span> <span class='ocrx_word' id='word_1_138' title='bbox 559 1912 628 1959; x_wconf 85' lang='lat'>31..</span> <span class='ocrx_word' id='word_1_139' title='bbox 657 1903 703 1943; x_wconf 91' lang='lat' dir='ltr'>P.</span> <span class='ocrx_word' id='word_1_140' title='bbox 734 1904 752 1953; x_wconf 92' lang='lat'><strong>(</strong></span> <span class='ocrx_word' id='word_1_141' title='bbox 778 1899 817 1941; x_wconf 87' lang='lat' dir='ltr'>la</span> <span class='ocrx_word' id='word_1_142' title='bbox 843 1900 1014 1942; x_wconf 73' lang='lat' dir='ltr'>rouillee</span> <span class='ocrx_word' id='word_1_143' title='bbox 1039 1899 1058 1952; x_wconf 79' lang='grc'>)</span> <span class='ocrx_word' id='word_1_144' title='bbox 1089 1899 1319 1955; x_wconf 86' lang='lat' dir='ltr'>ferruginea</span> <span class='ocrx_word' id='word_1_145' title='bbox 1354 1910 1443 1943; x_wconf 87' lang='lat' dir='ltr'>tota</span> <span class='ocrx_word' id='word_1_146' title='bbox 1460 1933 1473 1953; x_wconf 94' lang='lat'>,</span> <span class='ocrx_word' id='word_1_147' title='bbox 1503 1901 1577 1946; x_wconf 81' lang='lat' dir='ltr'>alis</span> 
     </span>
     <span class='ocr_line' id='line_1_28' title="bbox 351 1956 1577 2010; baseline 0.002 -13"><span class='ocrx_word' id='word_1_148' title='bbox 351 1975 445 2005; x_wconf 80' lang='lat' dir='ltr'>nea,</span> <span class='ocrx_word' id='word_1_149' title='bbox 685 1958 829 1997; x_wconf 89' lang='lat' dir='ltr'>anticis</span> <span class='ocrx_word' id='word_1_150' title='bbox 875 1956 987 1997; x_wconf 83' lang='lat' dir='ltr'>fusco</span> <span class='ocrx_word' id='word_1_151' title='bbox 1042 1956 1257 2010; x_wconf 87' lang='lat' dir='ltr'>obiterque</span> <span class='ocrx_word' id='word_1_152' title='bbox 1309 1958 1534 1999; x_wconf 80' lang='lat' dir='ltr'>reticulatis</span> <span class='ocrx_word' id='word_1_153' title='bbox 1562 1988 1577 2010; x_wconf 91' lang='lat'><strong>,</strong></span> 
     </span>
     <span class='ocr_line' id='line_1_29' title="bbox 689 2012 1203 2066; baseline -0.006 -13"><span class='ocrx_word' id='word_1_154' title='bbox 689 2013 818 2053; x_wconf 85' lang='lat' dir='ltr'>oculis</span> <span class='ocrx_word' id='word_1_155' title='bbox 847 2012 987 2066; x_wconf 83' lang='lat' dir='ltr'>nigris.</span> <span class='ocrx_word' id='word_1_156' title='bbox 1200 2014 1203 2015; x_wconf 50' lang='lat'><em>⁷</em></span> 
     </span>
    </p>

    <p class='ocr_par' dir='ltr' id='par_1_9' title="bbox 630 2065 1577 2164">
     <span class='ocr_line' id='line_1_30' title="bbox 630 2065 1577 2120; baseline -0.001 -10"><span class='ocrx_word' id='word_1_157' title='bbox 630 2068 732 2110; x_wconf 82' lang='lat' dir='ltr'>Hah.</span> <span class='ocrx_word' id='word_1_158' title='bbox 761 2069 799 2107; x_wconf 87' lang='lat' dir='ltr'>in</span> <span class='ocrx_word' id='word_1_159' title='bbox 825 2066 974 2120; x_wconf 87' lang='lat' dir='ltr'>sylvis,</span> <span class='ocrx_word' id='word_1_160' title='bbox 1001 2065 1113 2107; x_wconf 89' lang='lat' dir='ltr'>secus</span> <span class='ocrx_word' id='word_1_161' title='bbox 1133 2078 1280 2120; x_wconf 85' lang='lat' dir='ltr'>aquas,</span> <span class='ocrx_word' id='word_1_162' title='bbox 1302 2067 1420 2120; x_wconf 85' lang='lat' dir='ltr'>Majo</span> <span class='ocrx_word' id='word_1_163' title='bbox 1447 2068 1510 2109; x_wconf 92' lang='lat' dir='ltr'>M.</span> <span class='ocrx_word' id='word_1_164' title='bbox 1530 2071 1577 2109; x_wconf 88' lang='lat' dir='ltr'>In</span> 
     </span>
     <span class='ocr_line' id='line_1_31' title="bbox 688 2123 930 2164; baseline -0.004 0"><span class='ocrx_word' id='word_1_165' title='bbox 688 2123 847 2164; x_wconf 79' lang='lat' dir='ltr'>Breffia.</span> <span class='ocrx_word' id='word_1_166' title='bbox 875 2125 930 2163; x_wconf 87' lang='lat' dir='ltr'>V.</span> 
     </span>
    </p>

    <p class='ocr_par' dir='ltr' id='par_1_10' title="bbox 630 2177 1582 2453">
     <span class='ocr_line' id='line_1_32' title="bbox 630 2177 1581 2231; baseline 0 -11"><span class='ocrx_word' id='word_1_167' title='bbox 630 2180 747 2229; x_wconf 79' lang='lat' dir='ltr'>Dese.</span> <span class='ocrx_word' id='word_1_168' title='bbox 782 2178 993 2218; x_wconf 80' lang='lat' dir='ltr'>Abdomerz</span> <span class='ocrx_word' id='word_1_169' title='bbox 1021 2177 1175 2231; x_wconf 60' lang='lat' dir='ltr'>punctis</span> <span class='ocrx_word' id='word_1_170' title='bbox 1199 2177 1324 2231; x_wconf 87' lang='lat' dir='ltr'>nigris</span> <span class='ocrx_word' id='word_1_171' title='bbox 1348 2177 1581 2221; x_wconf 83' lang='lat' dir='ltr'>lateralibus</span> 
     </span>
     <span class='ocr_line' id='line_1_33' title="bbox 689 2232 1582 2286; baseline -0.001 -11"><span class='ocrx_word' id='word_1_172' title='bbox 689 2244 784 2283; x_wconf 87' lang='lat' dir='ltr'>tot,</span> <span class='ocrx_word' id='word_1_173' title='bbox 819 2242 918 2286; x_wconf 84' lang='lat' dir='ltr'>quot</span> <span class='ocrx_word' id='word_1_174' title='bbox 950 2235 1036 2285; x_wconf 85' lang='lat' dir='ltr'>ejus</span> <span class='ocrx_word' id='word_1_175' title='bbox 1072 2232 1291 2286; x_wconf 82' lang='lat' dir='ltr'>segmenta.</span> <span class='ocrx_word' id='word_1_176' title='bbox 1327 2234 1452 2274; x_wconf 85' lang='lat' dir='ltr'>Sexus</span> <span class='ocrx_word' id='word_1_177' title='bbox 1478 2234 1582 2275; x_wconf 85' lang='lat' dir='ltr'>alter</span> 
     </span>
     <span class='ocr_line' id='line_1_34' title="bbox 685 2288 1581 2332; baseline -0.002 -1"><span class='ocrx_word' id='word_1_178' title='bbox 685 2288 881 2332; x_wconf 84' lang='lat' dir='ltr'>maculam</span> <span class='ocrx_word' id='word_1_179' title='bbox 908 2288 1081 2328; x_wconf 83' lang='lat' dir='ltr'>albidam</span> <span class='ocrx_word' id='word_1_180' title='bbox 1098 2289 1312 2328; x_wconf 88' lang='lat' dir='ltr'>rotundam</span> <span class='ocrx_word' id='word_1_181' title='bbox 1331 2302 1581 2329; x_wconf 85' lang='lat' dir='ltr'>communem</span> 
     </span>
     <span class='ocr_line' id='line_1_35' title="bbox 685 2342 1581 2400; baseline 0.002 -16"><span class='ocrx_word' id='word_1_182' title='bbox 685 2344 908 2399; x_wconf 61' lang='lat' dir='ltr'>punctaque</span> <span class='ocrx_word' id='word_1_183' title='bbox 955 2343 1044 2383; x_wconf 85' lang='lat' dir='ltr'>alba</span> <span class='ocrx_word' id='word_1_184' title='bbox 1107 2352 1123 2392; x_wconf 88' lang='lat'>5</span> <span class='ocrx_word' id='word_1_185' title='bbox 1151 2371 1165 2390; x_wconf 91' lang='lat'>‚</span> <span class='ocrx_word' id='word_1_186' title='bbox 1211 2342 1235 2383; x_wconf 89' lang='lat'>6</span> <span class='ocrx_word' id='word_1_187' title='bbox 1298 2344 1340 2383; x_wconf 89' lang='lat' dir='ltr'>in</span> <span class='ocrx_word' id='word_1_188' title='bbox 1401 2346 1581 2400; x_wconf 74' lang='lat' dir='ltr'>margine</span> 
     </span>
     <span class='ocr_line' id='line_1_36' title="bbox 687 2397 1436 2453; baseline -0.001 -11"><span class='ocrx_word' id='word_1_189' title='bbox 687 2410 860 2442; x_wconf 85' lang='lat' dir='ltr'>externo</span> <span class='ocrx_word' id='word_1_190' title='bbox 889 2397 1040 2441; x_wconf 79' lang='lat' dir='ltr'>alarum</span> <span class='ocrx_word' id='word_1_191' title='bbox 1065 2397 1290 2441; x_wconf 75' lang='lat' dir='ltr'>amicarum</span> <span class='ocrx_word' id='word_1_192' title='bbox 1316 2399 1436 2453; x_wconf 83' lang='lat' dir='ltr'>gerit.</span> 
     </span>
    </p>
   </div>
  </div>
 </body>
</html>
