1737 2804
311 160 546 201 Insssc‘rA
577 155 1025 194 HYMENOPTERA.
1054 149 1200 202 Sphex.
1314 156 1392 199 233

473 265 573 317 Gore
608 262 776 316 Naturf.
804 273 844 302 2.
878 259 941 299 St.
972 275 1016 310 p.
1036 268 1104 297 21.
1139 269 1169 295 t.
1197 267 1236 295 2.

479 317 612 372 Chaeffi
647 319 743 358 icon.
773 329 804 356 t.
835 325 928 369 177.
955 315 994 366 f.
1023 311 1062 352 6.

475 374 575 413 Hah.
616 374 654 411 in
693 375 862 424 Europa.
918 371 962 409 In
997 365 1124 406 Gallia
1167 363 1276 403 Aust.
1321 376 1401 403 non

535 427 731 479 frequens.
754 430 804 467 V.

479 482 596 532 Dese.
616 481 738 533 Caput
769 490 909 521 atrum.
931 475 1130 517 Antennae
1148 483 1243 514 atrae
1261 503 1273 522 ‚
1290 472 1405 513 subu-

531 538 636 577 latae.
666 536 720 574 Os
748 529 1170 589 argenteum.vThorax
1193 529 1307 582 niger
1332 540 1405 580 pu-

531 591 710 632 bescens.
749 590 952 629 Abdomen
991 585 1201 639 glabrum,
1246 592 1403 622 atrum:

536 646 777 700 segmentum
831 654 849 682 1
898 640 1184 682 immaculatum
1231 636 1407 690 margine

535 700 680 749 flavo3
715 711 741 738 2
784 697 936 737 macula
975 696 1161 745 utrinque
1200 700 1352 740 ovata3
1386 700 1409 742 3

539 756 726 806 utrinque
763 751 913 793 macula
946 749 1084 798 lutea3
1113 758 1140 800 4
1166 746 1270 786 linea
1308 744 1411 784 flava

544 823 566 849 a
596 818 710 862 tergo
731 809 976 860 interrupta;
1011 813 1026 851 5
1051 803 1153 842 linea
1179 801 1281 840 flava
1306 812 1414 839 con-

536 865 678 918 tigua;
712 861 735 902 6
758 863 907 902 itidem.
940 859 1149 898 Abdomen
1180 855 1313 895 subtus
1341 862 1414 893 to-

541 927 624 957 tum
661 926 787 957 atrum
822 916 888 955 est.
925 913 963 953 T
961 914 1047 952 ibiae
1077 910 1210 950 fulvae.
1252 908 1416 948 Femora

544 973 672 1025 nigra.
707 969 827 1010 Tibia
869 968 1090 1008 anteriores
1132 967 1286 1018 nigrae,
1332 962 1418 1003 ins-

545 1025 681 1064 trustae
703 1024 844 1061 lamina
871 1033 1019 1060 cornea
1039 1032 1241 1067 convexa,
1266 1018 1418 1071 punctis

553 1077 761 1128 pellucidis
790 1073 980 1127 adspersa.

503 1131 593 1180 Obs.
649 1129 851 1169 Tibiarum
899 1127 1117 1166 anticarum
1159 1124 1304 1164 intuitu
1339 1137 1420 1163 mas

547 1184 673 1224 statim
709 1182 950 1238 agnoscitur.
1000 1183 1066 1219 Ne
1109 1191 1258 1232 quaeras
1308 1177 1421 1217 fora-

546 1240 651 1280 mina
694 1239 734 1277 in
773 1237 917 1276 lamina
970 1233 1170 1287 squamosa
1209 1233 1421 1281 tibiarum3

553 1307 644 1334 nam
677 1307 727 1333 ex
759 1290 1105 1332 observationibus
1152 1288 1207 1328 D.
1238 1289 1282 1326 de
1323 1286 1423 1326 Geer

552 1347 768 1399 nostrisque
800 1347 884 1386 haec
919 1345 1062 1385 lamina
1095 1343 1251 1383 minime
1286 1340 1425 1394 perfo-

551 1413 637 1442 rata
664 1402 732 1442 est.
769 1401 915 1441 Forsan
949 1410 1083 1439 tamen
1111 1398 1241 1450 plures
1262 1397 1426 1450 spheges

550 1457 750 1498 cribrariae
783 1469 854 1508 pro
887 1467 964 1494 una
1003 1454 1132 1506 specie
1174 1452 1309 1492 sumtae
1337 1451 1427 1490 fue-

550 1522 658 1552 runt.
700 1510 861 1566 Noflrae*
893 1509 1030 1549 saltem
1064 1507 1170 1546 nulla
1213 1506 1429 1559 descrtptio

559 1566 720 1620 cognita
746 1566 952 1606 convenit.

504 1621 621 1671 Περ.
656 1619 782 1672 Caput
812 1630 976 1673 parvum
1015 1615 1258 1670 triangulare
1281 1628 1303 1654 a
1329 1614 1427 1654 tho-

553 1689 646 1716 race
681 1674 788 1715 collo
814 1675 937 1727 longo
963 1673 1206 1725 separatum,
1244 1670 1432 1710 lateribus

555 1729 698 1783 pilosis.
724 1728 836 1768 Oculi
865 1729 1011 1783 magni.
1053 1726 1109 1765 Os
1136 1739 1216 1766 non
1243 1724 1348 1765 villis
1378 1737 1432 1764 ar·

557 1785 712 1839 genteis
728 1783 909 1824 vestitum
922 1813 934 1831 ‚
954 1789 1007 1821 'ut
1021 1793 1101 1820 mas
1113 1780 1430 1819 enumerationis.

561 1837 723 1879 Thorax
764 1839 876 1890 niger
910 1836 1193 1876 immaculatus.
1229 1834 1432 1872 Abdomen

560 1894 714 1947 nigrum
731 1921 743 1939 ‚
767 1891 892 1932 fasciis
908 1891 975 1931 sex
992 1889 1105 1929 flavis
1126 1890 1184 1928 uti
1206 1889 1246 1927 in
1267 1887 1400 1926 Fauna
1421 1917 1435 1937 ,

561 1949 695 2001 primis
729 1946 854 1987 tribus
886 1946 923 1986 ἃ
965 1957 1044 1984 non
1078 1943 1202 1983 tribus
1240 1944 1435 1984 interme-

561 2003 635 2042 diis
655 2032 668 2051 ,
697 2001 939 2053 interruptis.
972 1997 1079 2038 Coxa
1116 1997 1205 2050 pilis
1237 1998 1437 2051 argenteis

562 2056 680 2108 spiffis
705 2057 879 2096 exterius
913 2053 1046 2094 ciliata
1083 2055 1121 2092 δι
1147 2053 1204 2092 uti
1245 2051 1398 2091 femora
1421 2082 1434 2101 ‚

565 2111 699 2158 flava,
732 2124 818 2163 quae
846 2111 948 2162 apud
992 2107 1047 2147 D.
1087 2109 1131 2147 de
1175 2107 1274 2145 Geer
1310 2108 1434 2159 nigra.

566 2167 732 2217 Squama
785 2164 967 2204 tibiarum
1014 2161 1167 2202 inferne
1221 2174 1399 2201 concava
1423 2191 1436 2209 ,

565 2219 730 2272 superne
766 2232 948 2259 convexa
980 2232 988 2256 ε
1026 2217 1167 2256 lamina
1209 2229 1283 2255 nec
1326 2216 1437 2268 nigra

565 2288 642 2314 nec
669 2272 937 2328 nigro-fusca,
957 2281 1043 2312 tora
1065 2281 1195 2311 antem
1222 2269 1436 2322 diaphana,

566 2329 693 2368 tribus
725 2329 839 2368 lineis
869 2328 1054 2367 castaneis
1084 2325 1278 2378 parallelis
1305 2324 1438 2364 versus

567 2385 708 2438 pedem
742 2391 916 2424 exarata.
952 2382 1069 2422 Pedis
1104 2381 1274 2434 quinque
1309 2390 1440 2433 partes
