1737 2804
356 143 436 196 484
627 147 870 189 insuevi
897 141 1177 183 DIPTERA.
1205 137 1363 183 Musca.

687 251 830 312 Geoffi·
849 250 921 299 ins.
944 252 1068 301 ,σαντ’-[ἰ
1098 263 1197 292 tom.
1221 263 1261 293 2.
1288 268 1332 303 p.
1364 257 1454 302 504.
1487 262 1527 290 η.
1551 255 1626 302 9-3ἱ

743 315 936 344 varietaS.

682 360 784 400 Hah.
809 359 849 398 in
878 362 1050 411 Europa.
1081 363 1128 401 In
1151 361 1281 401 Gallia
1301 359 1411 400 Aust.
1430 361 1486 400 V.

688 414 781 465 Obs.
815 416 932 454 Licet
975 413 1154 456 definitio
1201 416 1299 468 Syst.
1344 415 1437 454 huic
1487 411 1627 452 muscae

738 469 984 518 conveniat3
1005 477 1179 510 attamen
1199 469 1352 511 diversa
1381 469 1529 523 species
1546 479 1624 506 nec

734 536 811 576 pro
853 525 914 563 M.
946 524 1061 562 inane
1091 537 1166 565 nec
1194 538 1267 578 pro
1301 527 1364 565 M.
1399 524 1621 576 pellucente

737 578 877 619 haberi
903 577 1047 632 potest.
1072 580 1124 619 V.

353 691 580 733 Melanura.
605 699 699 744 190.
730 690 794 729 M.
828 688 906 740 (la
936 686 1178 737 melanure)
1225 689 1410 727 antennis
1443 686 1626 741 plumatis

735 743 861 797 pilosa
896 744 1056 784 cinerea
1079 773 1093 793 ‚
1141 755 1220 782 ano
1260 743 1378 795 nigro
1404 772 1418 792 ‚
1458 742 1626 796 pedibus

737 798 990 852 ferrugineis.

682 852 783 893 Hah.
817 854 858 893 in
895 855 1071 906 Europa.

469 967 572 1007 Tau.
602 975 698 1019 191.
731 965 795 1004 M.
826 966 844 1016 (
870 963 907 1004 le
936 972 1001 1002 ta.K
1082 961 1265 1002 antennis
1292 960 1476 1015 plumatis
1502 959 1627 1013 pilosa

733 1020 877 1073 nigra,
927 1018 1140 1058 abdomine
1180 1017 1326 1069 pallide
1364 1016 1627 1070 ferrugineo,

734 1075 813 1114 bafi
850 1074 1035 1125 lineaque
1068 1072 1197 1112 media
1230 1072 1369 1125 nigriS.

681 1129 785 1170 Hah.
815 1130 854 1168 in
885 1131 1057 1181 Europa.

677 1184 795 1233 Desc.
824 1185 953 1236 Nigra
973 1214 985 1231 ,
1011 1181 1136 1234 pilosa
1153 1209 1166 1227 ,
1193 1182 1355 1221 nobilis.
1382 1180 1626 1221 Abdominis

734 1238 901 1290 primum
917 1236 1160 1290 segmentum
1178 1236 1292 1287 supra
1311 1243 1439 1273 atrum
1454 1263 1466 1280 ,
1493 1234 1630 1273 subtus

735 1294 775 1332 &
807 1290 959 1342 reliqua
1004 1290 1207 1343 segmenta
1250 1289 1438 1340 utrinque
1479 1288 1627 1340 pallide

735 1345 980 1399 ferruginea.
1024 1347 1062 1384 A
1103 1344 1312 1396 nigredine
1366 1343 1505 1382 baseos
1554 1356 1627 1395 per

734 1402 906 1440 medium
945 1400 1134 1438 abdomen
1163 1398 1283 1449 usque
1321 1399 1370 1436 ad
1412 1410 1528 1437 anum
1552 1399 1630 1436 de-

737 1456 862 1493 currit
902 1453 1008 1492 linea
1040 1461 1153 1500 atra,
1191 1465 1278 1504 quae
1309 1465 1399 1492 cum
1426 1451 1509 1505 ipsa
1549 1450 1629 1491 basi

735 1507 904 1547 formam
933 1506 1019 1546 Tau
1054 1507 1169 1546 latini
1199 1505 1364 1560 effingit.

728 1617 749 1638 '¹
761 1618 779 1639 *
791 1618 811 1638 '¹
822 1619 841 1638 '⁸
853 1619 873 1638 ’κ
902 1616 1048 1667 Pilosae
1067 1616 1247 1666 fitariae.

458 1733 577 1773 Fera.
613 1739 705 1783 192.
736 1729 800 1769 M.
834 1730 851 1780 (
878 1727 916 1767 la
959 1726 1153 1767 farouche
1180 1727 1199 1776 )
1249 1726 1438 1767 antennis
1474 1725 1628 1767 setariis

736 1783 861 1837 pilosa
888 1783 1001 1836 nigra
1020 1813 1032 1832 ‚
1065 1781 1287 1822 abdominis
1319 1780 1511 1823 lateribus
1544 1781 1628 1821 tes-

742 1840 867 1879 taceis
900 1838 1122 1891 diaphanis.
1148 1838 1170 1858 '²

682 1893 834 1944 Harris.
861 1894 933 1943 ins.
961 1893 1086 1944 Angl.
1114 1902 1146 1932 t.
1171 1901 1210 1945 9.
1267 1921 1277 1933 .
1300 1903 1340 1934 2.

684 1949 783 1990 Fab.
819 1950 880 1989 M.
910 1946 979 1989 28.

684 2005 831 2045 Enum.
860 2020 900 2042 n.
926 2013 1021 2057 934.

681 2060 802 2100 Miill.
833 2059 920 2098 Lin.
953 2058 1056 2098 Nat.
1088 2058 1140 2098 cl.
1168 2068 1220 2098 v.
1241 2073 1286 2109 p.
1314 2056 1410 2112 964.

681 2116 809 2155 Faun.
844 2113 978 2154 Frz‘dr.
1008 2130 1048 2153 n.
1071 2123 1169 2167 734.

689 2168 813 2222 Geoff.
836 2180 932 2208 tom.
953 2180 992 2208 2.
1022 2185 1066 2220 p.
1096 2177 1186 2222 509.
1228 2183 1269 2208 n.
1293 2177 1360 2220 33.

684 2225 787 2265 Hah.
817 2225 857 2262 in
889 2227 1067 2276 Europa.

684 2280 799 2330 Desc.
831 2278 1033 2318 Simillima
1065 2279 1126 2318 M.
1147 2277 1343 2317 carnaria·
1360 2307 1374 2324 ‚
1409 2276 1476 2317 sed
1502 2275 1629 2318 latera

740 2333 1028 2375 rufo-testacea
1050 2363 1063 2383 ‚
1090 2333 1302 2385 diaphana.
1340 2331 1379 2374 T
1378 2332 1504 2373 horax
1543 2345 1627 2374 non

737 2389 930 2433 lineatus.
957 2389 1080 2433 Faun.
1103 2386 1227 2441 1836.
