1737 2804
287 167 530 215 ΪΙΝΒΕΟΤΑ
560 163 1019 213 'I-'IYw‘tt'NOP-rERA.
1046 171 1297 214 Tenthredo.
1354 175 1406 228 83

477 281 594 334 Scop.
624 298 733 323 carn.

479 336 584 388 Sulz.
618 339 688 388 ins.
722 352 751 379 t.
782 293 845 379 128¹.
869 337 908 392 Γ.
941 347 1032 392 109.

478 391 574 432 Fal),
604 403 642 446 9.
670 393 714 443 β.

475 446 540 486 De
561 446 659 487 Geer
682 463 777 489 tom.
791 460 831 488 2.
853 464 895 500 p.
917 446 1035 487 1016.
1053 459 1082 487 t.
1106 445 1172 500 38.
1190 448 1229 500 Γ.
1249 457 1313 500 32.
1321 452 1419 500 -34

531 505 714 545 antennis
744 503 910 543 clavatis
943 514 964 555 3
995 503 1249 550 articulatis,
1271 504 1413 542 viridi-

531 558 703 598 caeruleo
742 559 902 607 nitens,
949 557 1112 610 pedibus
1154 556 1300 606 flavis,
1338 557 1410 596 alis

533 611 839 653 flavescentibus
858 643 869 662 ‚
902 612 1053 652 macula
1081 611 1199 652 fusca.

479 666 579 708 Hah.
607 670 646 706 irz
680 672 852 721 Europa.
884 669 927 707 In
957 667 1086 707 Gallia
1120 667 1229 706 Aust.
1254 669 1305 707 V.

479 721 609 762 larva
645 735 698 762 20
723 725 826 775 poda
846 753 859 772 ‚
896 722 1030 762 brevis
1051 752 1063 772 ,
1100 723 1237 762 viridis
1256 749 1268 771 ,
1298 722 1416 762 lineis

530 778 681 817 duabus
716 777 858 826 flavis,
902 778 1030 830 capite
1070 777 1264 825 cinereo,
1295 775 1417 816 fascia

533 831 728 873 brunnea.

482 885 597 936 Desc.
631 888 783 927 Media.
815 885 941 937 Caput
970 887 1008 927 Sc
1038 887 1181 925 thorax
1216 884 1379 927 villosus
1404 890 1427 936 ,³

530 942 658 992 nigra.
679 941 884 979 Abdomen
916 941 1240 981 viridi-caeruleo
1268 942 1420 981 nitensa

533 994 628 1032 Ala²
658 993 910 1045 ferrugineae.
948 993 1076 1032 Tilu'ae
1114 995 1244 1034 flav.ae
1278 995 1420 1034 M'ari5

536 1046 732 1087 abdomen
769 1046 883 1098 supra
915 1045 1260 1099 longitudinaliter
1293 1051 1380 1102 nigr
1384 1051 1422 1088 i·-

533 1113 658 1148 cans,
697 1101 880 1140 antennis
921 1101 1156 1154 ferrugineis
1186 1115 1262 1141 nec
1295 1113 1339 1140 ut
1371 1105 1416 1142 in

533 1154 692 1195 foemina
738 1156 876 1208 nigris.
939 1159 983 1196 In
1030 1156 1248 1195 abdominis
1297 1157 1417 1197 dorso

532 1211 686 1250 macula
714 1213 825 1264 nigra
855 1224 925 1263 per
964 1222 991 1263 4
1029 1210 1230 1264 segmenta
1271 1211 1421 1263 postica

533 1265 708 1306 extensa.
744 1266 869 1305 Pedes
907 1265 1019 1306 lutei.
1046 1266 1170 1306 Faun.
1202 1273 1319 1318 1530.

484 1313 572 1383 ObJ'.
593 1323 688 1360 Haec
711 1321 862 1360 tenthr.
892 1330 935 1360 ut
969 1319 1129 1360 foemina
1156 1322 1421 1373 praecedentis

532 1377 573 1416 in
600 1376 656 1415 D.
693 1375 787 1415 Fal>
832 1374 1034 1429 speciebus
1061 1377 1098 1416 ὅ(
1126 1376 1183 1414 D.
1216 1377 1260 1414 de
1298 1375 1418 1415 Geeri

531 1447 571 1471 n.
588 1429 655 1470 26.
674 1431 883 1470 indicatur.
899 1432 1090 1470 Attamen
1110 1444 1192 1470 mas
1205 1432 1243 1471 &
1257 1430 1420 1470 foemina

533 1487 574 1526 in
607 1483 732 1525 Fam.
766 1485 959 1538 descripta
998 1484 1160 1525 fuerunt
1199 1487 1236 1526 ὃ(
1273 1485 1331 1526 D.
1370 1487 1417 1525 de

538 1540 638 1580 Geer
668 1542 733 1593 qui
765 1541 947 1579 nitentem
979 1540 1096 1580 Linn.
1120 1540 1417 1581 tenthredinem

533 1596 684 1635 indicat
703 1626 715 1645 ‚
739 1594 938 1634 foeminam
969 1595 1178 1648 descripsit.
1210 1595 1352 1647 Reipsa
1373 1597 1416 1635 in

533 1650 668 1691 nostro
701 1650 835 1690 museo
866 1650 1065 1702 utriusque
1096 1649 1238 1702 speciei
1266 1663 1347 1689 mas
1375 1652 1415 1692 δε

533 1705 693 1745 foemina
721 1706 986 1758 reperiuntur.
1030 1705 1177 1744 Ultima
1212 1704 1334 1744 verba
1372 1706 1414 1744 in

535 1760 740 1813 systemate
770 1761 901 1800 addita
929 1760 1087 1800 dubium
1111 1759 1298 1808 solvunt;
1323 1773 1413 1800 narn

531 1815 683 1854 macula
726 1815 838 1868 nigra
865 1816 905 1853 in
932 1814 1210 1854 tenthredonis
1245 1815 1414 1854 nitentis

533 1868 653 1908 dorso
671 1898 683 1917 ‚
719 1881 804 1920 quae
829 1870 868 1907 in
897 1870 1046 1909 tenthr.
1064 1869 1212 1918 sericea
1237 1881 1319 1907 non
1341 1871 1415 1908 vi..

534 1925 686 1972 detur3
738 1925 829 1962 inde
881 1931 991 1975 patet
1047 1924 1102 1962 D.
1151 1924 1195 1961 de
1242 1922 1409 1963 Geernm

536 1977 735 2017 foeminam
790 1979 1051 2031 praecedentis
1112 1977 1345 2031 descripsisse
1395 2006 1410 2027 ,

536 2034 714 2086 quamvis
750 2035 798 2073 de
824 2032 977 2072 macula
1003 2034 1119 2086 nigra
1151 2033 1335 2074 tacuerit.
1360 2037 1413 2077 V.

581 2159 643 2199 Ex
665 2161 768 2211 spec.
800 2159 857 2200 D.
887 2156 980 2201 Fab.

249 2281 397 2330 Tristis.
431 2298 495 2328 11.
526 2288 576 2327 T.
610 2289 626 2337 (
651 2286 688 2326 la
723 2286 857 2336 triste)
886 2287 998 2340 nigra
1016 2317 1027 2335 ,
1056 2290 1237 2329 antennis
1259 2288 1423 2330 clavatis

540 2342 686 2391 luteis,
714 2343 825 2395 nigra
843 2370 852 2385 ‚
881 2342 950 2380 alis
979 2344 1090 2396 apice
1118 2343 1246 2384 fuscis.

487 2398 585 2438 Iter.
613 2396 809 2448 Norwag.
840 2406 932 2449 334.

1113 2470 1146 2515 F
1177 2471 1202 2521 ij
