1737 2804
347 117 428 182 35⁶
618 123 862 168 insecta
889 118 1170 168 Damna,
1200 117 1359 166 Mufeaa

733 233 881 275 flavum
927 233 1164 285 pellucidum
1190 267 1203 286 ‚
1255 234 1454 289 nigricans
1475 262 1488 282 ‚
1538 231 1617 273 basi

731 288 923 339 apiceque
953 289 1137 341 nigrum;
1165 291 1366 346 segmenta
1391 290 1465 328 tria
1481 288 1615 340 priora

727 344 1469 489 3132&ss{ntssssgf{izzzss'fffliiidffl‘ssss's.
1487 343 1617 437 {325525

738 461 755 489 1
792 461 816 489 2
850 481 859 491 .

655 504 746 556 obfi
756 460 953 546 Deg'mitio
964 506 1082 547 Linn.
1098 509 1146 548 ad
1163 509 1466 562 descriptionem
1483 505 1618 546 forsan

730 573 814 600 non
836 562 1025 613 quadrat:
1051 563 1092 601 in
1117 563 1246 602 musca
1273 565 1383 603 inani
1411 560 1621 617 syst.Alae

732 615 877 668 absque
928 615 1046 657 fascia
1063 646 1076 665 ‚
1130 617 1301 670 anusque
1342 620 1454 672 niger
1475 648 1488 668 ,
1534 628 1621 668 quae

734 680 845 711 notae
877 684 953 711 nec
985 671 1124 712 muscae
1153 673 1315 723 apiariae
1340 672 1397 712 D.
1429 674 1473 711 de
1504 670 1638 711 Geer.v

731 739 808 766 nec
843 727 1004 779 imagini
1042 727 1101 766 D.
1128 726 1281 780 Schaff.
1315 738 1346 767 t.
1366 727 1432 780 36.
1454 729 1561 780 127,
1582 724 1624 766 8.

744 781 1024 831 conveniunt3
1044 781 1136 820 inde
1161 781 1436 835 synonymiam
1453 782 1511 821 D.
1531 781 1625 820 Fab.

742 835 918 875 subtraxi
940 836 975 876 δι
1003 837 1053 875 ad
1083 835 1251 876 muscam
1273 837 1465 886 apiarium
1492 834 1629 876 retuli.

732 892 842 931 Vera
887 889 1017 930 musca
1063 891 1195 930 inanis
1235 893 1364 931 rarior
1409 892 1512 942 apud
1552 900 1627 928 nos

734 945 1074 999 descriptionique
1103 945 1205 999 Syst.
1236 944 1471 987 conformis.

324 1078 326 1080 ’
354 1059 685 1110 Pellucens‚145.
716 1057 781 1098 Μ.
813 1058 831 1108 (
856 1055 893 1097 la
909 1055 1212 1110 transparente)
1243 1055 1428 1097 antennis
1446 1053 1630 1108 plumatis

741 1111 866 1165 pilosa
920 1112 1033 1164 nigra
1061 1142 1074 1160 ,
1148 1112 1371 1150 abdominis
1423 1110 1629 1163 segmento

737 1167 866 1219 primo
894 1165 986 1203 albo
1013 1165 1232 1217 pellucido.
1263 1168 1282 1186 '⁸
1313 1176 1344 1205 t.
1371 1174 1411 1217 9.
1433 1166 1476 1216 f.
1503 1163 1572 1202 28.

680 1221 782 1273 Raj.
813 1220 883 1268 ins]
912 1229 1007 1272 271.
1041 1234 1081 1258 n.
1112 1229 1148 1257 Ι.

682 1274 790 1327 Sulz.
822 1275 893 1324 ins.
926 1286 957 1313 c.
984 1283 1052 1313 20.
1075 1273 1116 1325 f.
1149 1282 1242 1326 133.

686 1329 810 1382 Geoff.
838 1330 959 1379 paris.
987 1340 1028 1368 2.
1054 1343 1098 1377 p.
1125 1336 1215 1378 540.
1247 1338 1277 1366 t.
1300 1325 1366 1368 18.
1393 1329 1436 1381 f.
1464 1337 1503 1382 3.
1541 1339 1629 1380 voaq

742 1383 886 1423 lucella
916 1393 952 1422 1.

686 1438 786 1478 Fab.
824 1439 887 1477 Μ.
915 1448 957 1475 2..

684 1494 830 1531 Enum.
864 1506 905 1531 n.
930 1501 1025 1544 920.

684 1545 803 1596 Scop.
831 1560 938 1586 carn.
967 1558 1123 1600 conops
1153 1545 1404 1601 dryaphilus.'

689 1601 812 1642 Mall.
842 1601 933 1640 Lin.
964 1600 1069 1642 Nat.
1098 1602 1149 1642 cl.
1179 1614 1227 1642 V.
1251 1618 1293 1653 p.
1316 1600 1413 1656 966.

686 1657 751 1697 De
789 1655 889 1696 Geer
929 1668 1025 1697 tom.
1055 1657 1096 1697 6.
1131 1673 1173 1708 p.
1204 1666 1265 1710 53.
1305 1668 1336 1697 t.
1361 1667 1400 1710 3.
1433 1658 1473 1711 f.
1499 1666 1536 1699 1.
1563 1665 1635 1698 and

743 1713 876 1751 tennis
922 1712 1105 1765 plumatis
1148 1712 1271 1765 pilosa
1310 1713 1452 1766 nigra,
1496 1712 1634 1754 fronte

744 1766 849 1807 flava
861 1797 873 1815 ‚
891 1767 1111 1807 abdominis
1126 1766 1300 1808 secundo
1317 1767 1520 1820 segmento
1538 1768 1631 1808 albo

745 1821 947 1875 pellucido
962 1852 975 1872 ‚
999 1822 1071 1862 aiis
1097 1822 1250 1863 macula
1269 1821 1458 1875 venisque
1480 1821 1613 1864 fuscis.

690 1877 794 1918 Hah.
827 1878 866 1917 in
896 1880 1070 1930 Europa.

694 1932 811 1983 Defh.
850 1934 972 1973 Certe
1004 1933 1117 1982 haec,
1153 1932 1179 1972 s1
1207 1945 1289 1972 non
1327 1933 1491 1972 maxima
1523 1931 1635 1972 mus-

748 2000 882 2028 carum
926 1987 1142 2028 nostratum
1188 1988 1263 2036 sit,
1302 1989 1409 2028 inter
1447 1989 1635 2027 maximas

747 2051 883 2083 tamen
905 2044 1070 2084 omnino
1092 2043 1158 2083 est.
1180 2042 1323 2082 Fronte
1349 2043 1495 2095 gaudet
1515 2042 1601 2081 alba
1618 2072 1631 2091 ‚

745 2097 879 2143 flava,
913 2111 1076 2139 cornea.
1117 2097 1213 2137 Alae
1251 2097 1376 2145 albae,
1420 2096 1634 2149 praesertim

750 2152 886 2192 versus
913 2153 1045 2193 basm:
1078 2154 1118 2193 in
1150 2153 1280 2191 medio
1307 2152 1454 2190 alarum
1482 2151 1636 2191 macula

750 2220 893 2260 magna
924 2209 1036 2262 nigra
1065 2222 1072 2247 :
1102 2209 1205 2246 intra
1238 2207 1341 2246 hanc
1375 2205 1564 2247 maculam
1596 2207 1636 2246 δί

748 2263 880 2313 apices
916 2263 1064 2302 alarum
1091 2274 1206 2301 venae
1254 2260 1384 2301 fuscae.
1423 2261 1632 2300 Abdomen

747 2317 991 2357 dimidiatum
1005 2346 1017 2363 ,
1036 2316 1172 2357 versus
1190 2316 1294 2357 basin
1310 2316 1610 2368 supra&subtus
1623 2345 1634 2364 ,

749 2370 879 2412 album
900 2401 915 2421 ‚
961 2371 1199 2427 pellucidum
1227 2400 1243 2424 ,
1293 2371 1428 2413 versus
1482 2372 1636 2424 apicem
