1737 2804
416 151 656 204 InsichA
688 163 956 204 DmTERA.
988 163 1148 208 Musca:
1345 183 1420 233 13¹

189 275 372 316 lineata.
399 284 492 330 317.
523 274 586 314 M.
619 274 901 328 (l'inerique)
923 278 1106 316 antennis
1126 277 1275 318 setariis
1296 281 1427 323 subtus

545 328 650 369 flava
676 361 687 378 ‚
736 330 848 384 supra
893 330 1005 385 nigra
1023 361 1035 380 ‚
1088 332 1204 372 lineis
1251 334 1428 377 thoracis

544 384 791 438 scutelloque
814 385 942 426 flavis.
970 387 1033 426 M.
1063 397 1128 440 91.
1157 398 1188 427 t.
1213 395 1277 426 10.
1296 391 1337 441 f.
1360 402 1401 443 4.

491 438 592 479 Hal».
610 441 648 478 in
668 441 889 481 Germaniae
907 441 1086 483 floribus.
1114 441 1170 482 D.
1187 443 1232 481 de
1247 442 1428 499 Hatcorf.

547 497 592 534 In
622 496 763 536 Breffia
784 527 796 545 ,
829 495 896 536 sed
927 497 1069 537 rarior.
1092 498 1144 538 V.

494 549 609 600 Defi.
629 552 771 591 Parva.
795 550 922 602 Caput
946 550 1092 592 flavum
1118 553 1272 595 vertice
1297 555 1433 609 nigro.

549 603 713 645 Thorax
729 605 856 645 ssavus
871 636 884 655 ,
908 605 1026 646 dorso
1053 607 1168 660 nigro
1194 608 1308 649 lineis
1334 624 1434 663 qua-

545 668 640 700 tuor
673 659 920 712 scutelloque
943 660 1070 701 flavis.
1089 662 1292 703 Abdometz
1319 665 1432 718 supra

546 715 734 768 nigrum,
771 714 905 754 subtus
949 714 1110 755 flavum.
1160 718 1253 757 Alae
1288 720 1432 760 imma-

547 769 706 809 culatae.

495 821 586 873 obs.
606 826 718 865 Licet
745 825 850 864 inter
874 824 1051 865 minimas
1071 831 1336 870 enumeranda
1361 829 1434 880 sit,

545 878 664 919 facile
703 888 836 919 tamen
864 879 1115 933 distinguitur
1144 882 1282 923 colore
1320 884 1435 938 supra

545 935 663 987 nigro
699 934 802 973 infra
844 933 1058 975 flavicante
1099 935 1288 989 lineisque
1329 939 1434 979 tho-

545 991 648 1028 racis
689 988 820 1030 flavis.
865 988 1081 1029 scutellum
1117 990 1242 1044 majus
1276 994 1316 1032 in
1358 994 1435 1036 hac

549 1043 693 1098 specie.
722 1046 776 1085 V.

165 1153 379 1207 Syngene-
409 1152 503 1206 318.
535 1155 598 1192 M.
632 1156 650 1204 (
676 1155 724 1193 de
758 1154 794 1206 la
834 1154 1099 1207 syngenefie)
1127 1159 1310 1197 antennis
1333 1159 1440 1201 seta-J

192 1207 266 1247 ἦρε,
540 1207 611 1244 riis
657 1216 742 1245 atra
762 1236 774 1253 ‚
825 1207 897 1244 alis
946 1207 1045 1244 albis
1063 1234 1077 1252 ‚
1136 1208 1263 1249 fasciis
1307 1214 1436 1253 tribus

543 1259 786 1300 abbreviatis
837 1258 1071 1313 maculaque
1121 1265 1244 1314 apicis
1294 1267 1437 1321 nigris.

549 1316 612 1354 Μ.
641 1325 732 1355 101.

489 1369 588 1409 Hah.
618 1371 656 1409 in
685 1370 908 1410 Germaniae
925 1369 1102 1411 floribus.
1122 1373 1178 1413 D.
1195 1375 1241 1412 de
1255 1375 1441 1431 Hattorf.

488 1425 605 1475 Dese.
629 1425 777 1475 Corpus
804 1438 970 1477 parvum
987 1454 1000 1471 ,
1027 1436 1159 1467 totum
1179 1438 1320 1473 atrum.
1338 1433 1435 1473 Alae

544 1480 644 1520 albae
664 1508 676 1526 ‚
719 1479 892 1533 hyalinae
913 1509 925 1528 ‚
962 1478 1092 1520 fasciis
1120 1483 1246 1522 tribus
1276 1488 1398 1540 nigris
1417 1519 1433 1538 ,

546 1548 633 1587 quae
661 1544 794 1574 tamen
828 1534 1046 1587 marginem
1075 1538 1299 1577 tenuiorem
1329 1543 1435 1583 haud

547 1591 751 1642 attingunt
771 1618 785 1638 ,
819 1588 958 1628 baseos
992 1602 1094 1630 vero
1120 1592 1169 1631 ad
1196 1592 1339 1634 costam
1370 1597 1435 1636 in·-

547 1643 661 1683 ferne
692 1645 938 1683 extenditur.
967 1642 1062 1683 Alae
1089 1647 1323 1690 terminatur
1349 1663 1436 1698 mae

545 1698 635 1738 cula
665 1707 765 1738 atra.

162 1807 376 1862 Tuffilagi-
397 1817 492 1862 319.
523 1808 585 1847 M.
617 1809 713 1860 (du
758 1807 936 1863 tuffilage
978 1809 996 1859 )
1048 1813 1231 1851 antennis
1281 1812 1431 1858 ferariis

189 1864 267 1903 nis.
540 1862 667 1909 flava,
694 1862 764 1902 alis
791 1863 912 1913 albis,
944 1862 1074 1905 fasciis
1102 1877 1272 1927 quatunr
1298 1867 1429 1914 fuscis„

491 1919 830 2013 HaYUiJIzOganiae
858 1973 1037 2016 floribus.

488 2026 604 2076 Dese.
636 2026 784 2077 Corpus
813 2028 960 2069 ssavum
981 2057 996 2078 ,
1034 2029 1136 2084 sty‘lo
1165 2032 1433 2088 ferrugineo,‘

545 2082 657 2135 apice
683 2083 814 2136 nigro.

164 2193 489 2247 Onopordi-320.
521 2192 588 2233 M.
621 2194 638 2243 (
668 2194 717 2232 du
765 2194 961 2246 pe'dane)
1008 2199 1190 2237 antennis
1237 2199 1429 2255 ferariis;

189 2248 265 2290 nis.
538 2247 705 2288 scutello
737 2248 867 2299 flavo,
895 2251 966 2290 alis
991 2253 1218 2305 variegatis.
1248 2257 1311 2294 M.
1328 2268 1422 2310 104.

493 2302 592 2343 Hah.
620 2304 658 2342 in
688 2304 827 2348 Daniae
863 2307 1030 2347 carduis.

496 2357 609 2407 Desit.
665 2360 793 2397 Parva
819 2387 831 2404 ‚
888 2359 1031 2399 statura
1074 2362 1137 2402 M.
1188 2364 1422 2413 stantialis,

487 2453 491 2457 ,
549 2412 672 2464 Caput
715 2414 902 2457 albicans.
955 2414 1116 2455 Thorax
1142 2418 1199 2510 1&
1237 2419 1422 2461 abdomen

1103 2473 1134 2511 L
1183 2472 1210 2524 ij
