1737 2804
362 175 607 218 ωηο-ΡΑ
633 168 912 218 Diuum.
939 166 1098 227 Tipula·
1277 176 1358 229 351

411 306 414 308 v
447 290 451 291 ⁷
486 283 692 327 Abdomen
721 285 896 334 flavum,
923 282 1028 325 linea
1050 281 1365 323 dorsalifflate-

490 340 644 380 teribus
692 337 992 396 nigricantibus.
1040 339 1167 378 Pedes
1217 336 1367 378 flaves-

491 403 646 435 centes,
682 395 804 437 Faun.
841 401 960 449 1735.

436 449 570 491 Larva
609 449 764 491 sordide
803 449 921 500 alba,
959 447 1184 503 diaphana,
1223 447 1279 487 ita
1320 455 1367 487 ut

486 505 601 558 nigra
646 504 693 545 ab
735 503 892 559 ingestis
936 504 1133 546 alimentis
1182 501 1367 543 intestina

488 559 771 613 transpareant.
795 559 921 611 Caput
934 562 1103 614 nigrum.
1122 559 1234 599 Anus
1248 556 1368 610 spinis

492 625 663 655 armatus
684 629 696 665 ;
729 614 870 656 ultimo
896 614 1100 669 segmento
1122 613 1262 667 puncta
1285 613 1369 652 duo

494 670 607 724 nigra
638 669 826 711 ocellaria
853 669 922 710 sub
952 669 1116 710 aculeis.

441 724 575 776 Pappa
603 725 724 765 terrei
756 724 906 765 coloris
924 755 936 773 ,
972 733 1060 764 tota
1080 723 1254 775 undique
1275 735 1371 764 acu-

492 780 565 820 leis
584 779 731 832 hispida
746 810 758 829 ‚
785 780 893 832 quod
919 780 1011 819 inde
1033 779 1101 827 fit,
1117 780 1207 831 quia
1224 777 1372 832 singula

490 833 691 889 segmenta
720 834 823 886 quasi
856 833 1124 875 verticillatim
1157 834 1373 886 cinguntur

491 888 642 930 aculeis
664 889 879 939 brevibus3
908 901 1005 928 anus
1036 888 1161 942 magis
1185 886 1374 941 spinosus.

490 943 692 984 Antennae
735 944 928 996 porreftae
975 956 1110 984 curvae
1142 974 1155 992 ‚
1218 955 1374 983 conca-³

493 1000 621 1039 vitate
647 998 714 1037 sua
737 997 879 1037 faciem
897 1027 909 1046 ‚
947 997 1013 1037 seu
1045 1006 1196 1049 partem
1231 997 1338 1037 illam
1355 1025 1373 1049 ,

490 1052 532 1091 in
565 1063 641 1102 qua
676 1050 825 1090 alarum
863 1060 1094 1103 tegumenta
1131 1051 1220 1091 sunt
1242 1081 1256 1102 ,
1287 1051 1373 1091 res-

492 1105 682 1157 piciente.

441 1158 543 1198 Hab-
592 1158 632 1196 in
676 1157 781 1197 carie
819 1156 1007 1197 arborum
1048 1158 1223 1199 solitaria
1262 1158 1376 1201 larva

426 1243 429 1247 .
490 1223 722 1264 puppaque:
743 1210 944 1252 declarata
966 1212 1109 1253 hortos
1134 1225 1378 1267 nemoraque

481 1294 484 1298 -
495 1265 770 1318 frequentans.

441 1319 536 1371 Obs.
565 1323 711 1374 Puppae
741 1322 811 1362 uni
839 1335 956 1362 unam
986 1331 1199 1363 antennam
1234 1337 1378 1378 ampua

492 1377 579 1416 tavi
601 1406 614 1425 ‚
649 1377 795 1428 prodiit
829 1386 962 1417 tamen
989 1378 1113 1431 tipula
1133 1380 1171 1420 ὅ(
1193 1382 1379 1420 antennis

493 1432 533 1472 ὃ(
557 1431 681 1484 palpis
707 1433 745 1472 ὅ(
767 1431 838 1471 alis
871 1432 1067 1474 instruaa.
1097 1433 1258 1484 Alteri,
1285 1436 1377 1488 Γα-

429 1520 432 1525 ,
495 1487 638 1533 minae,
678 1495 886 1538 utramque
912 1487 1057 1528 abscidi
1095 1499 1310 1529 antennam
1337 1491 1380 1531 δε

494 1540 646 1594 prodiit
675 1539 798 1593 tipula
835 1539 928 1582 solis
965 1541 1115 1583 alarum
1145 1545 1380 1586 rudimentis

497 1594 692 1635 instructa.

438 1648 574 1704 Imago
610 1651 751 1691 maris.
778 1649 905 1691 Color
932 1651 1058 1693 totius
1088 1654 1217 1708 niger.
1251 1653 1379 1708 Caput

499 1706 538 1746 ὅτ
563 1706 664 1745 oculi
690 1707 806 1760 nigri.
834 1706 957 1747 Frons
982 1707 1085 1748 alba.
1117 1710 1230 1749 Oculi
1262 1713 1382 1765 nigro

496 1760 635 1801 ciliati.
671 1760 956 1808 Antennarum
990 1762 1087 1803 bafis
1124 1766 1228 1804 nuda
1252 1794 1266 1816 ,
1310 1766 1380 1806 sub

499 1816 614 1869 primi
649 1816 805 1856 articuli
841 1815 960 1856 finem
986 1815 1102 1857 fascia
1134 1819 1273 1872 nigra,
1295 1828 1381 1860 tum

492 1871 630 1922 fiebtus
662 1870 818 1911 clavula
857 1874 1034 1923 quaedam
1073 1873 1225 1926 apicem
1252 1874 1384 1929 respi-

502 1927 642 1975 ciens,
687 1928 846 1966 tandem
879 1927 1052 1979 pectines
1086 1938 1380 1980 antennarum,

502 1981 568 2033 qui
601 1981 679 2020 toti
711 1981 846 2035 nigri,
892 1982 1011 2021 radiis
1054 1983 1239 2036 utrinque
1277 1997 1383 2037 qua-

500 2036 725 2075 tuordecim
743 2066 755 2084 ,
785 2035 947 2076 alternis
978 2037 1224 2088 minoribus3
1251 2041 1384 2081 radius·

501 2090 719 2130 terminalis
746 2091 903 2143 impar-3
934 2092 1064 2131 rachis
1092 2091 1384 2147 ferruginescit.

502 2142 668 2184 Thorax
698 2145 840 2199 niger,
868 2145 1057 2186 lateribus
1086 2147 1213 2188 flavis.
1243 2148 1385 2189 Abdo-

502 2214 589 2238 men
627 2198 769 2239 rufum.
809 2202 853 2239 In
881 2200 1020 2255 singuli
1048 2201 1237 2255 segmenti
1262 2204 1381 2246 dorso

505 2253 657 2294 macula
699 2255 814 2308 nigra
860 2256 1050 2309 trigona3
1103 2270 1154 2296 ex
1200 2259 1383 2300 omnibus

502 2307 582 2350 istis
606 2310 710 2349 linea
730 2310 1029 2363 longitudinalis
1055 2312 1166 2365 nigra
1190 2312 1382 2368 exsurgit.

501 2364 625 2403 Linea
650 2367 812 2404 tenuior
860 2367 973 2419 nigra
1022 2367 1071 2405 ad
1104 2367 1242 2408 latera.
1287 2369 1384 2409 Azae

507 2417 680 2469 hyalinae
697 2432 782 2462 eum
800 2420 951 2462 macula
966 2421 1080 2474 nigra
1099 2422 1147 2462 ad
1163 2425 1383 2477 margin-rein
