1737 2804
357 145 596 186 Inuca-A
627 130 901 178 Dum-nim.
930 132 1086 187 Tipula.
1282 131 1367 182 361

487 248 675 295 nodosae,
709 245 884 287 articulis
914 242 1125 283 duodecim
1141 243 1159 290 ,’
1181 239 1367 294 longitu-

493 304 586 343 dine
613 302 803 342 thoracis.
830 299 921 340 Azae
947 297 1124 353 glaucas,
1158 295 1371 347 praesertim

491 359 598 399 inter
632 358 813 410 puncium
850 352 1065 408 marginale
1104 351 1141 391 ὅ(
1184 362 1326 399 corpus
1355 377 1371 396 ‚

490 413 592 452 vasis
619 409 903 466 nigricantibus
922 439 935 457 ,
974 407 1118 461 puniio
1164 402 1371 456 marginali

490 465 729 517 majascum,
754 474 856 516 atro.
876 463 979 503 Baiis
1000 461 1219 501 abdominis
1236 461 1372 496 rubra.

491 521 612 561 Anus
643 520 815 561 foeminae
841 520 881 558 in
901 517 1027 557 stilum
1051 513 1265 556 trivalvum
1293 514 1369 552 de-

493 575 597 616 finit.
626 575 750 615 Faun.
779 583 897 629 1749.

441 629 532 680 obs:
572 629 668 670 Mas
700 630 820 670 variis
846 625 1122 679 Entomologis
1145 622 1374 677 incognitus

493 685 596 731 fuit,
624 686 716 724 inde
742 694 926 724 antennae
948 680 1160 722 *filiformes
1189 690 1372 730 pronun-

495 741 606 779 tiatae
637 739 798 779 fuerunt
816 766 828 784 ,
858 737 925 778 sed
952 738 992 776 in
1018 747 1124 774 mare
1151 732 1377 785 peciinatae.

494 795 652 847 Caput,
678 795 853 842 thorax,
888 792 960 832 alae
991 788 1214 844 pedesque,
1254 795 1298 826 ut
1332 786 1376 825 in

494 847 896 889 foemina.‘Abdomen
913 845 1147 892 rubescens,
1175 842 1286 894 apice
1313 841 1379 879 in-

494 902 712 943 crassatum.
733 906 775 943 In
795 911 967 953 utroque
987 899 1081 939 sexu
1100 898 1241 936 chorax
1258 893 1377 934 valde

494 956 728 998 fornicatus.
745 957 944 996 Antennae
962 953 1106 1007 pallide
1132 951 1208 990 bafi
1235 950 1376 1002 nigrae.

492 1012 650 1052 Pistura
674 1010 774 1050 DD.
802 1012 848 1048 de
875 1009 976 1048 Geer
1003 1009 1042 1051 ὅ(
1064 1004 1219 1058 Sclzaeffi
1244 1016 1343 1045 vera
1360 1030 1378 1049 ,

496 1063 564 1108 sed
595 1063 769 1106 foemina.
787 1065 842 1103 V.

115 1174 448 1224 Bimaculata.15.
475 1174 529 1213 T.
561 1175 579 1222 (
603 1172 641 1212 la
672 1169 892 1211 bimaculee
920 1169 939 1218 )
972 1168 1043 1208 alis
1070 1166 1269 1220 hyalinis‚
1293 1179 1379 1206 ma-

494 1226 596 1266 culis
626 1225 776 1265 duabus
809 1222 956 1271 fuscis,
984 1222 1204 1262 abdominis
1246 1221 1377 1260 medio

496 1280 697 1322 maculato
712 1303 732 1310 -
747 1278 980 1335 ferrugineo
995 1305 1009 1324 ,
1058 1276 1241 1317 antennis
1284 1275 1379 1329 plu-

496 1336 627 1377 mosis.
654 1337 676 1359 Ἰ*

442 1391 538 1432 Fab.
566 1401 636 1431 20.

442 1446 506 1487 De
534 1445 634 1485 Geer
667 1455 763 1484 tom.
782 1443 820 1483 6.
845 1460 886 1494 p.
906 1453 1001 1495 402.
1030 1442 1168 1496 nigra,
1197 1439 1383 1481 antennis

497 1500 703 1553 pastinatis
716 1529 729 1548 ,
749 1498 969 1538 abdominis
985 1497 1174 1538 lateribus
1196 1495 1382 1549 pedibus-

501 1568 578 1607 que
603 1554 717 1594 flavis
736 1582 749 1600 ‚
784 1553 854 1592 alis
881 1551 1043 1592 maculis
1072 1551 1221 1590 duabus
1247 1549 1381 1590 fuscis,

441 1611 607 1650 Reaum.
634 1609 704 1658 ins]
734 1620 827 1648 tom.
857 1615 890 1654 5.
923 1618 952 1648 t.
980 1617 1020 1659 4.
1040 1607 1080 1659 Γ.
1111 1616 1130 1644 Ι
1148 1635 1162 1654 ,
1189 1616 1228 1645 2.

442 1663 597 1716 Sclzoeffi
618 1665 720 1703 icon.
746 1674 778 1703 t.
795 1673 885 1702 111.
902 1662 943 1715 Γ.
963 1670 998 1710 5.
1017 1660 1112 1701 Mas
1133 1659 1172 1701 6.
1194 1659 1381 1700 Foemz'na.

441 1718 570 1761 Faun.
599 1718 728 1758 Fridr.
762 1733 802 1758 η.
832 1717 926 1769 674.

445 1773 546 1814 Hah.
574 1773 612 1812 in
643 1776 816 1826 Europa.
843 1774 888 1811 In
902 1769 1043 1813 Galliae
1059 1769 1170 1810 Aust.
1197 1769 1382 1809 arborum

499 1829 668 1869 truncis.
694 1830 747 1868 V.

448 1882 562 1933 Dese.
594 1883 746 1922 Media.
777 1881 928 1934 Caput,
951 1891 1134 1921 antennae
1150 1879 1187 1919 &
1211 1879 1381 1926 thorax,

500 1939 631 1993 nigra.
649 1937 854 1977 Abdomen
882 1937 1036 1990 nigrum
1053 1964 1065 1983 ‚
1092 1935 1132 1973 in
1153 1935 1284 1974 medio
1303 1942 1384 1972 tam

501 1991 693 2038 lateribus
725 2004 838 2044 quam
867 1990 1000 2030 subtus
1019 2017 1029 2034 ‚
1056 1987 1325 2041 ferrugineum
1353 1986 1383 2028 s.

499 2046 682 2087 lividum.
713 2046 808 2086 Alae
851 2047 893 2086 in
923 2044 1055 2084 medio
1089 2042 1240 2083 macula
1272 2043 1384 2096 nigra

499 2103 540 2142 &
566 2103 697 2155 apices
725 2101 873 2143 alarum
910 2098 1041 2139 fuscae.
1077 2098 1203 2137 Pedes
1236 2096 1385 2146 lividi,

500 2155 765 2198 flavescentes
786 2185 799 2206 ,
854 2152 1032 2196 articulis
1082 2152 1194 2207 apice
1243 2152 1382 2206 nigris.

499 2210 624 2261 Faun.
654 2219 775 2266 1750.

121 2323 339 2377 Annixlata.
384 2321 449 2367 16.
479 2321 532 2362 T,
563 2323 582 2371 (
607 2319 869 2372 l’entouree)
902 2317 973 2360 alis
996 2318 1107 2360 fusco
1140 2314 1384 2372 variegatis,¹

502 2374 723 2424 femoribus
749 2374 897 2422 annulo
927 2373 1033 2419 albo,
1061 2376 1084 2426 ζ
