1737 2804
321 147 400 206 640
491 155 874 196 ANALYTICA
911 162 979 192 ετ
1018 154 1410 198 COM'PARATA

484 262 542 304 D.
572 264 742 305 Linnaei.
1141 266 1199 307 D.
1221 269 1267 307 de
1288 266 1437 309 Gari..-

443 375 493 413 M
509 377 546 414 U
563 375 630 413 TI
647 377 677 414 L
693 377 724 414 L
742 376 794 413 A.
977 373 1320 436 ICHNEUMON
1347 378 1580 419 APTERE.

323 484 416 523 Alae
441 483 558 522 nullae
581 484 621 522 in
645 482 853 536 plerisque.
988 481 1077 534 01⁷ss
1097 495 1137 524 1.
1155 484 1221 524 Ab
1242 485 1386 526 infecto
1411 487 1587 540 perfecto

325 538 474 588 Corpus
505 537 736 589 pubescens.
1039 537 1240 579 character
1257 543 1415 594 generis
1432 542 1590 583 sumen-

323 592 492 642 ‚leoraxv
514 591 660 643 postice
681 592 853 632 retusus.
1039 595 1110 633 dus
1131 624 1144 644 ‚
1175 594 1272 635 teste
1300 598 1440 636 eodem
1460 597 1588 638 celeb.

274 678 276 685 .
323 646 498 687 Aculeus
537 648 770 687 reconditus
795 662 925 702 punc-
1039 649 1327 704 Entomologo.
1367 653 1591 692 Larvarum

379 702 519 742 torius.
931 734 934 738 .
1038 717 1168 745 mores
1191 718 1340 758 genera
1368 718 1450 745 non
1471 705 1588 758 sepa-

1037 768 1127 799 rant
1155 789 1167 808 ‚
1213 773 1287 800 nec
1325 774 1450 814 genus
1485 761 1587 803 idem

1041 815 1317 867 pronuntiant.
1344 818 1397 857 V.

379 943 467 994 obst
493 954 531 982 2.
553 942 671 984 Veris
686 942 1014 983 ichneumonibus
1029 940 1215 983 structura
1231 942 1426 995 larvisque
1445 941 1590 983 similes

327 998 414 1038 sunt
432 998 594 1040 mutillae
607 1028 618 1047 ‚
637 997 706 1038 sub
721 999 885 1050 proprio
905 999 1028 1091 igitur
1046 1011 1198 1052 genere
1212 997 1414 1039 collocare
1430 999 1589 1040 minime

325 1054 579 1093 neceffarium
599 1053 759 1093 videtur
772 1053 827 1093 D.
841 1055 886 1092 de
946 1069 1021 1094 eer.
1042 1052 1490 1103 Mutillarum-foeminas
1508 1067 1591 1093 non

323 1110 425 1152 vidit
454 1109 620 1149 summus
650 1109 740 1159 vir3
770 1109 953 1148 antennis
973 1109 1021 1148 ab
1041 1108 1369 1148 ichneumonibus
1407 1108 1594 1149 differunt

323 1163 608 1217 {phegibusque
629 1165 825 1204 accedunt
845 1178 856 1213 3
896 1164 1053 1216 insuper
1073 1163 1232 1203 aculeus
1259 1165 1422 1205 omnino
1441 1177 1594 1204 recon—

327 1221 461 1267 ditur-3
503 1230 601 1271 ergo
631 1230 714 1256 non
745 1218 850 1258 inter
887 1218 1172 1264 ichneumones
1190 1248 1202 1267 ‚
1232 1218 1298 1257 sed
1322 1219 1455 1270 potius
1489 1219 1594 1257 inter

327 1272 493 1325 splieges
511 1273 806 1312 ordinarentur.
841 1274 976 1311 Genus
1005 1282 1115 1312 certe
1140 1273 1341 1324 proprium
1363 1271 1591 1312 character-

327 1341 402 1381 que
420 1327 536 1367 Lina.
569 1340 617 1367 ex
635 1327 801 1367 thorace
833 1326 980 1366 sumtus
1006 1328 1190 1378 optimus.
1232 1325 1423 1376 Exemplo
1443 1325 1593 1366 nihilo-

328 1384 454 1422 minus
496 1382 608 1422 illust.
651 1382 747 1421 Fab.
779 1396 829 1420 ex
861 1381 941 1420 hoc
974 1394 1121 1433 genere
1159 1379 1350 1418 mutinam
1388 1393 1596 1419 acarorum

328 1439 366 1478 ὅ(
385 1438 659 1489 formicarium
683 1464 695 1482 ‚
730 1447 866 1475 omnes
902 1436 1071 1486 denique
1109 1433 1220 1491 cujus
1247 1434 1405 1474 aculeus
1434 1448 1517 1475 non
1547 1436 1615 1476 est‘

329 1492 579 1531 absconditus
603 1488 803 1530 substraxi.
829 1492 889 1530 V.
1267 1500 1270 1502 ·

396 1617 488 1669 Ohsj
511 1628 549 1672 3.
580 1621 837 1671 Neuroptera
855 1618 893 1659 ἃ
915 1616 1206 1671 hymenoptera
1234 1615 1388 1658 classem
1425 1627 1602 1671 quartam

330 1678 369 1717 δι
394 1676 569 1727 quintam
601 1673 701 1727 Syst·
734 1681 886 1712 naturae
913 1672 1171 1715 constituunt.
1215 1674 1407 1726 Quartam
1435 1676 1602 1716 retinuit

329 1732 387 1771 D.
430 1729 587 1781 Scopoli
618 1743 635 1779 ,·
676 1728 741 1768 sed
772 1728 1062 1782 hymenoptera
1101 1729 1141 1767 in
1187 1727 1365 1769 aculeata
1410 1731 1600 1770 mutavit.

328 1790 631 1841 Hymenoptera
660 1785 697 1825 &
743 1793 985 1837 neuroptera
1019 1813 1032 1832 ,
1071 1782 1257 1824 libellulis
1300 1785 1478 1837 exceptis
1506 1815 1519 1834 ‚
1559 1786 1602 1825 in

328 1843 490 1883 tertiam
539 1838 694 1882 classem
741 1838 925 1892 disposuit
970 1838 1026 1880 D.
1071 1838 1165 1878 Fab.
1215 1839 1279 1880 cui
1328 1839 1565 1880 monoculos
1585 1871 1600 1890 ,

330 1898 489 1940 oniscos
516 1925 529 1943 ,
557 1896 633 1937 διε.
665 1894 793 1947 junxit
826 1909 834 1932 z
867 1895 992 1945 claffis
1026 1923 1039 1943 ‚
1077 1909 1099 1948 q
1177 1894 1343 1945 amplior
1364 1923 1377 1940 ,
1409 1910 1450 1934 eo
1481 1897 1602 1937 etiam

329 1954 521 2005 dffcilior
567 1950 699 1992 evadit
730 1980 742 1999 ‚
791 1965 906 2005 quum
937 1949 1054 2000 plura
1167 1959 1241 1988 *era
1272 1950 1395 2001 simul
1433 1950 1606 2000 &semel

332 2012 404 2058 {inc
432 2006 706 2059 distinguenda.
735 2004 799 2045 Sic
820 2005 1036 2056 coleoptera
1063 2005 1252 2057 imprimis
1278 2003 1437 2045 claffem
1458 2005 1605 2046 consti-

321 2056 451 2105 'munt
479 2062 739 2103 difficiliorem
768 2090 780 2109 ‚
813 2074 929 2113 quum
945 2061 1055 2114 plura
1072 2060 1317 2100 constituunt
1336 2073 1496 2113 genera.
1525 2059 1605 2099 Etsi

331 2121 450 2174 hujus
466 2119 588 2160 claffis
604 2117 658 2157 D.
680 2116 859 2167 Sclzlugae
880 2116 1017 2156 divisio
1034 2116 1183 2168 optima
1207 2117 1390 2156 videatur
1410 2129 1418 2153 :
1438 2114 1605 2167 coleop-

331 2187 419 2216 tera
462 2174 602 2227 elytris
633 2172 661 2212 s.
697 2171 803 2211 testis
834 2172 939 2210 duris
965 2201 978 2220 ‚
1022 2170 1162 2224 elytris
1206 2171 1416 2210 dimidiatis
1459 2171 1565 2209 duris
1591 2199 1605 2218 ,

333 2231 475 2272 elvtris
496 2227 679 2269 mollibus
695 2226 1003 2269 membranaceis
1032 2224 1185 2278 hacque
1218 2225 1407 2265 divisione
1440 2223 1606 2273 blattae,

337 2280 455 2340 ginlii
476 2316 487 2334 ‚
518 2293 670 2324 mantes
698 2283 802 2322 inter
833 2281 1036 2335 hemptera
1062 2293 1145 2320 non
1174 2280 1338 2332 amplius
1357 2278 1604 2325 militarent,

338 2355 360 2380 a
390 2341 533 2382 ceteris
563 2339 804 2390 coleopteris
834 2337 919 2377 haec
948 2336 1089 2376 inseda
1116 2337 1216 2377 adeo
1239 2337 1466 2384 recedunt,
1495 2343 1539 2373 ut
1565 2335 1608 2374 in

339 2399 481 2437 endem
510 2395 596 2436 solo
636 2392 860 2437 coalescere
887 2392 956 2433 vix
984 2391 1139 2449 poffint.

1306 2460 1359 2504 D.
1396 2458 1611 2513 Gcoffivyi.
