1737 2804
307 171 546 215 11:513ch
574 169 1033 212 HYMENorrERA.
1062 164 1234 220 Cynips.'
1344 170 1395 218 75

525 277 764 318 uniarticula
814 277 946 316 antice
1009 275 1197 326 utrinque
1250 272 1403 314 macula

527 332 735 372 fenestrata
754 361 766 379 ,
797 330 960 384 pedibus
986 328 1238 382 ferrugineis.

471 386 572 430 Hah.
602 386 785 439 Upsaliae.
816 386 862 426 C,
885 383 935 425 G.
955 383 1152 434 Kekeritz.

469 442 627 495 Corpus
652 440 922 491 Magnitudine
944 438 1127 492 formica·
1159 439 1260 491 rufae
1277 467 1291 486 ,
1322 448 1403 478 toto

526 498 620 536 calo
665 510 689 536 a
737 495 898 549 reliquis
946 493 1154 542 diversicm.
1203 494 1408 532 Antennae

519 553 715 601 semeae,
767 563 924 601 corpore
981 548 1193 587 breviores.
1242 547 1410 587 Thorax

517 604 820 654 Jcabriusculus.
881 602 1093 645 Abdomen
1156 602 1363 652 oblongum
1394 630 1409 650 ‚

526 660 818 711 obtusissimam,
844 673 1003 710 opacum
1021 687 1034 706 ,
1063 658 1200 710 absque
1226 657 1310 695 ulla
1339 657 1408 694 in-

526 716 683 764 cisura,
724 713 1043 763 teretinsbulum,
1083 713 1223 761 subtus
1261 725 1408 750 conca-

526 785 617 809 vum
638 798 650 817 ‚
677 783 721 807 ac
743 769 780 820 fi
813 768 1020 818 visceribus
1050 767 1291 816 destitutum.-
1320 779 1409 804 ma-

526 824 614 863 cula
636 824 855 874 diaphana,
881 822 1013 861 albida
1029 851 1041 869 ‚
1069 821 1246 874 utrinque
1274 821 1410 869 verfits

528 879 647 927 basin.
677 878 852 916 Aculeus
885 878 1060 925 exfizrtus
1079 905 1092 923 ,
1126 875 1303 925 rigidus,
1343 889 1411 913 re-

529 942 742 979 curvatus,
764 933 831 970 vix
859 931 1059 968 abdomine
1087 930 1254 979 longior.
1282 930 1413 968 Pedes

517 986 765 1042 ferruginei,
790 985 958 1033 exceptis
988 985 1096 1023 tibiis
1125 985 1266 1038 nigris.
1296 982 1413 1037 Palpi'

518 1038 752 1093 filffmmw.

646 1145 709 1187 Ex
741 1145 882 1186 Emtm.

196 1258 384 1311 Quercus
416 1255 481 1300 18.
511 1256 561 1296 C.
593 1257 611 1307 (
636 1257 705 1296 des
741 1255 963 1307 rejetons)
1238 1297 1242 1300 ,

149 1312 310 1359 surculi.
477 1311 580 1351 Hah.
615 1311 652 1349 in
679 1310 781 1364 galla
810 1309 1080 1363 mespiliformi
1113 1309 1290 1362 superius
1325 1310 1409 1350 cir..

532 1365 697 1421 qulospi.
718 1365 788 1405 oso
804 1367 1034 1406 circundata
1046 1395 1058 1414 ,
1073 1366 1214 1408 ramuli
1227 1378 1410 1418 quercus.

148 1477 365 1523 Aterrima.
405 1487 470 1532 19.
503 1477 552 1518 C.
583 1473 663 1528 (le
694 1474 914 1524 charbon)
949 1483 1064 1524 atra,
1102 1474 1264 1516 elevato
1290 1487 1415 1528 punc-

532 1541 616 1571 tata
637 1560 649 1578 ‚
685 1530 795 1571 tarfis
827 1529 1116 1583 pallidioribus.

473 1586 602 1626 Faun.
631 1584 755 1624 Fridr.
791 1600 830 1625 n.
861 1593 948 1638 595.
984 1588 1067 1624 an?

476 1641 577 1682 Hah.
604 1641 643 1679 in
674 1643 848 1691 Europa.

481 1695 570 1746 Obs.
594 1695 710 1734 Lesta
726 1695 764 1733 in
784 1694 926 1735 tubere
941 1695 1047 1748 quod
1071 1694 1111 1733 in
1134 1692 1245 1734 caule
1261 1693 1416 1735 refiduo

536 1749 734 1802 cujusdam
790 1749 936 1801 plantae
1003 1749 1201 1802 copiosam
1262 1750 1416 1791 inveni.

529 1805 684 1844 Plantae
719 1813 850 1843 autem
896 1817 1022 1857 genus
1067 1805 1331 1844 determinare
1365 1817 1417 1844 ex

531 1859 618 1901 solo
645 1871 775 1909 eoque
798 1871 868 1910 per
895 1859 1068 1911 hyemen
1088 1859 1244 1910 peffime
1268 1859 1417 1897 immu-

532 1922 654 1958 tato,
703 1912 814 1952 caule
843 1913 1107 1952 determinare
1151 1925 1234 1951 non
1274 1913 1419 1962 licuit;

535 1968 770 2007 crediderim
797 1976 929 2007 tamen
960 1967 1181 2019 parietariae
1212 1965 1337 2007 fuiffe.

483 2022 600 2071 Defi.
648 2020 751 2061 Tota
792 2032 877 2062 atra
902 2052 914 2071 ‚
965 2023 1014 2061 ad
1055 2021 1203 2061 lentem
1257 2021 1421 2061 elevato

533 2077 732 2129 punfiata.
772 2076 980 2116 Abdomen
1039 2084 1203 2115 ovatum
1229 2105 1241 2124 ‚
1285 2077 1418 2128 petio-

534 2132 672 2174 latum.
709 2134 754 2170 In
790 2131 950 2171 foemina
968 2131 1097 2171 aculei
1119 2133 1265 2184 vagina
1286 2130 1420 2170 subtus

534 2186 621 2226 fere
654 2187 699 2226 in
724 2187 856 2225 medio
891 2185 1033 2235 affixa,
1069 2185 1193 2225 flava.
1243 2185 1420 2224 Aculeus

535 2241 668 2284 ruber.
704 2241 829 2280 Pedes
859 2242 993 2295 nigri3
1023 2242 1116 2293 tarfi
1144 2239 1256 2280 fusci.

257 2349 378 2398 Rubi.
410 2361 478 2398 20.
508 2351 556 2395 C,
588 2352 604 2400 (
628 2349 666 2396 Ie
693 2359 912 2403 porte-or
936 2351 954 2401 )
989 2351 1173 2404 punRata
1192 2379 1205 2400 ‚
1248 2348 1422 2389 sericeo-

537 2406 654 2446 viridi
672 2415 808 2446 aurata
822 2436 836 2458 ,
847 2405 930 2449 seta
944 2407 1008 2449 ani
1026 2418 1194 2460 corpore
1216 2403 1420 2446 breviore.
