1737 2804
371 134 457 190 ”304
562 131 805 185 hisnem
833 131 1289 178 HYMENOPTERA.
1311 136 1432 191 Apis:

751 242 918 297 primum
943 242 1089 286 lineola
1106 277 1119 297 ,
1144 247 1296 300 reliqua
1321 246 1473 287 bafibus
1502 246 1632 289 flavis„

711 350 716 352 Π
753 297 856 336 Ala·
878 297 1006 349 apice,
1023 300 1286 343 obscuriores.

703 351 796 400 Obs.
823 354 869 390 In
897 351 958 401 his
996 351 1197 407 speciebus
1238 362 1381 410 corpus
1421 357 1638 411 glabrum3

751 417 852 458 ergo
872 405 978 445 inter
997 417 1113 449 notas
1135 411 1462 453 charasteristicas
1480 442 1493 461 ‚
1520 411 1606 451 haec
1621 438 1636 457 2

754 474 893 513 corpus
922 460 1102 511 villofitm
1119 493 1133 514 ,
1168 479 1250 507 non
1281 468 1538 508 admittenda.
1555 469 1611 507 V.

374 568 724 628 Vespiformis.40.
753 571 807 623 A,
839 573 858 622 (
882 570 919 611 la
952 571 1189 624 vespiforme
1213 577 1232 625 )
1277 591 1375 627 ore,
1419 576 1601 616 antennis
1623 606 1638 623 β

757 626 926 666 scutello
956 627 1198 680 pedibusque
1234 629 1352 671 fulvis
1375 663 1388 682 ‚
1423 631 1635 671 abdomine

756 680 927 735 cingulis
943 681 1057 721 flavis
1072 683 1198 722 tribus
1213 714 1225 733 ‚
1241 687 1366 738 primo
1385 688 1610 739 interrupto
1623 714 1637 735 a

756 736 892 776 subtus
921 736 1048 777 tribus
1078 739 1219 792 nigris.

698 791 816 842 Scop.
850 789 945 840 808.

700 847 803 888 Hah.
835 848 875 886 in
901 850 1075 902 Europa¹
1245 898 1246 901 Ἴ

700 902 819 952 Dese.
851 901 1014 942 Labium
1048 904 1308 958 maxillaque
1335 920 1421 947 cum
1453 906 1638 945 antennis

756 956 860 997 fulvi
883 958 1033 998 coloris
1051 989 1063 1008 ,
1093 959 1288 1013 reliquum
1320 973 1433 1013 caput
1468 961 1640 1014 nigrum.·

758 1011 923 1052 Thorax
980 1015 1094 1067 niger
1150 1015 1365 1068 pubescens
1382 1045 1395 1063 ,
1454 1018 1502 1054 ad
1561 1014 1643 1053 alas?

755 1068 903 1121 punffl)
950 1068 1179 1122 lineolaque
1214 1070 1347 1112 fulvis,
1382 1070 1477 1110 Alae
1509 1068 1642 1122 hyali-

755 1137 820 1173 nae
836 1152 849 1169 ,
872 1124 984 1175 apice
1011 1124 1195 1165 obscuro.
1216 1126 1422 1165 Abdomen
1451 1134 1640 1168 ovatum,

753 1180 888 1218 nitens
907 1206 920 1224 ,
955 1178 1336 1229 fulvo-testaceum,
1368 1181 1487 1230 fizpm
1503 1208 1514 1228 ‚
1550 1180 1641 1217 cin-

757 1232 862 1285 gulis
901 1231 1028 1270 tribus
1076 1231 1190 1271 flavis
1211 1263 1223 1281 ,
1273 1248 1438 1287 quorum
1475 1234 1641 1286 primum

755 1287 1046 1340 interruptum5
1072 1287 1239 1341 cingulis
1264 1298 1456 1341 praeterea
1482 1289 1605 1342 nigris
1623 1315 1639 1335 ‚

755 1351 797 1391 at
815 1340 1121 1394 gracilioribu53
1145 1344 1320 1383 omnium
1344 1345 1445 1383 ordo
1469 1342 1533 1383 hic
1556 1340 1638 1382 est:

754 1396 853 1435 baiis
873 1395 1093 1434 abdominis
1115 1398 1228 1449 nigra
1246 1412 1257 1446 3
1279 1408 1361 1437 tum
1384 1398 1499 1437 fascia
1525 1398 1606 1436 lata
1624 1425 1638 1442 ,

753 1448 1086 1501 testaceoefulva3
1105 1451 1196 1489 dein
1213 1450 1331 1491 fascia
1349 1452 1508 1506 angusta
1524 1453 1639 1505 nigra

757 1504 798 1543 ἃ
826 1503 902 1541 hac
928 1503 1162 1542 terminatur
1184 1506 1349 1556 primum
1367 1506 1607 1559 segmentum
1627 1520 1641 1555 ς

755 1557 1003 1611 segmentum
1045 1557 1210 1610 sequens
1258 1559 1391 1600 totum
1431 1560 1642 1600 testaceum

755 1610 911 1652 macula
937 1621 1060 1652 ovata
1076 1642 1087 1661 ‚
1115 1613 1328 1654 introrsum
1365 1624 1479 1655 acuta
1511 1615 1612 1654 flava
1628 1633 1643 1664 ,⁴

753 1667 943 1719 utrinque
960 1676 1145 1707 notatur:
1165 1669 1272 1709 inter
1287 1679 1492 1722 utramque
1509 1683 1644 1709 macu-

755 1722 834 1761 lam
850 1723 1013 1775 adparet
1031 1722 1107 1761 alia
1125 1725 1277 1776 macula
1294 1724 1501 1779 fuliginosa
1518 1755 1529 1773 ‚
1546 1726 1639 1764 vin-²

754 1778 836 1817 culi
851 1777 990 1826 instar,
1009 1777 1141 1818 ambas
1163 1779 1434 1833 conjungen33
1455 1780 1641 1834 segmen-

754 1842 841 1872 tum
866 1833 1028 1881 tertium
1055 1832 1264 1874 testaceum
1280 1866 1293 1885 ,
1317 1837 1429 1888 apice
1455 1836 1609 1888 nigrum
1628 1855 1643 1884 ς

753 1897 928 1941 utroque
963 1887 1088 1941 latere
1133 1890 1284 1930 macula
1326 1892 1468 1945 exigua
1501 1890 1640 1938 flava3

754 1943 1002 1996 segmentum
1053 1953 1233 1995 quartum
1271 1945 1482 1985 testaceum
1502 1976 1514 1994 ‚
1564 1944 1642 1983 bast

756 1996 921 2051 cingulo
948 1999 1091 2052 nigro,
1126 2001 1258 2040 medio
1285 2000 1388 2040 linea
1421 1999 1641 2041 transversa

755 2053 861 2092 flava
880 2083 893 2102 ‚
920 2053 1008 2092 haec
1025 2054 1248 2107 interrupta
1276 2055 1329 2095 est
1349 2085 1360 2104 ,
1394 2055 1458 2095 sed
1477 2065 1641 2107 ruptura

755 2121 843 2147 non
875 2108 946 2147 nisi
990 2118 1144 2148 armato
1175 2110 1302 2155 ,oculo
1329 2110 1488 2149 visibilis
1517 2139 1528 2158 ‚
1571 2108 1640 2148 sub·

755 2165 868 2213 apice
906 2163 1104 2216 cingulum
1139 2164 1345 2204 obscurum
1367 2195 1379 2214 ,
1411 2164 1477 2205 seu
1510 2164 1641 2217 nigri-

757 2229 879 2265 can53
900 2215 1139 2269 segmentum
1159 2220 1334 2270 quintum
1351 2249 1362 2268 ,
1381 2221 1420 2258 id
1437 2219 1513 2268 est,
1541 2220 1642 2257 ulti-

758 2283 862 2310 mum
883 2301 894 2320 ‚
951 2272 1122 2312 testaceo
1141 2296 1165 2302 -
1183 2272 1333 2312 fulvum
1352 2304 1364 2323 ‚
1416 2274 1638 2327 parallelo-

757 2338 934 2378 grammo
976 2326 1097 2366 flavo.
1149 2327 1284 2366 Pec‘lus
1328 2331 1483 2383 nigrum
1509 2360 1523 2378 ‚
1573 2329 1638 2367 sed

760 2381 885 2422 latera
915 2380 1116 2438 obscurius
1158 2382 1411 2427 nitescenti·
1431 2384 1599 2426 testacea
1625 2398 1643 2431 ef

1531 2441 1634 2495 pube
