1737 2804
354 182 434 227 ²50
542 178 790 220 histem
813 178 1271 221 HYMEuorrERA.
1299 179 1447 236 Sphex.

677 287 777 327 Hah.
811 287 851 326 in
883 288 1054 342 Europa.
1085 292 1134 330 In·
1157 289 1283 330 Gallia
1309 291 1420 332 Aust.
1448 294 1499 333 V.

676 341 794 390 Desit.
842 342 987 395 Nigra.
1018 344 1223 384 Abdomen
1267 355 1429 386 ovatum
1464 345 1613 394 valde,

728 407 806 435 nec
839 394 973 434 senfim
1004 400 1264 439 acuminatum
1284 430 1296 449 ,
1330 399 1491 448 rufum3
1535 399 1607 439 sed}

726 449 895 502 primum
931 449 1171 504 segmentum
1206 454 1283 494 basi
1319 463 1565 494 attenuatum
1590 467 1608 502 ς

730 513 913 556 quartum
943 506 1077 557 apice3
1105 508 1280 558 quintum
1303 511 1340 550 ὃ(
1365 509 1512 548 sextum
1540 509 1610 547 in·-

730 568 846 612 tegra
867 587 880 604 ,
933 561 1060 614 nigra.
1105 559 1214 613 Tarsi
1264 565 1403 616 pedum
1462 562 1613 603 coloris

728 613 1129 655 testudineo-rubri.
1166 615 1278 656 Oculi
1319 619 1487 672 magni,
1536 630 1613 656 nec

735 675 870 717 tamen
897 668 1073 715 exserti,
1102 670 1144 709 in
1171 681 1299 712 morte
1332 672 1478 712 albent.

817 778 853 817 E
855 794 882 817 x
911 780 1003 830 nost.
1033 778 1134 829 Mus:

348 887 584 943 Emargina-
601 887 669 943 83.
699 890 738 934 S.
771 888 1036 941 (l’echancre'
1060 890 1079 938 )
1115 888 1268 943 nigra',
1295 889 1461 930 thorace
1499 889 1621 930 luteo*

376 951 431 983 ta.
726 944 950 994 maculato,
969 944 1180 983 abdomine
1202 945 1370 997 cingulis
1390 944 1456 984 sex
1474 943 1613 993 flavis,

730 999 856 1039 tribus
893 999 1030 1052 primis
1070 1000 1113 1038 in
1155 999 1286 1039 medio
1328 998 1581 1053 emarginatis
1599 1027 1618 1048 2

733 1053 900 1107 pedibus
931 1053 1064 1095 fulvis.
1324 1079 1327 1082 -

674 1108 775 1148 Hah.
800 1110 840 1148 in
863 1111 1035 1162 Europa.
1059 1112 1103 1148 In
1125 1107 1253 1148 Gallia
1274 1108 1385 1149 Aust.

677 1163 794 1212 Defi.
816 1164 974 1205 Statura
991 1193 1004 1211 ‚
1022 1163 1143 1204 facies
1164 1164 1478 1217 magnitudoque
1490 1161 1614 1214 sphe-

733 1219 795 1271 gis
810 1218 1015 1270 clypeatae.
1035 1217 1236 1256 Antennae
1254 1216 1330 1257 basi
1352 1217 1469 1257 luteae
1484 1216 1587 1257 infra
1601 1243 1616 1262 ‚

730 1273 772 1312 in
802 1273 933 1312 medio
964 1271 1090 1321 rufae,
1133 1272 1244 1324 apice
1272 1270 1402 1311 fuscae.
1448 1270 1488 1310 T
1485 1272 1619 1310 horat·

731 1327 872 1379 niger,
906 1327 1054 1367 collare
1085 1325 1192 1366 ssavo
1214 1356 1226 1375 ‚
1256 1325 1409 1367 macula
1440 1324 1543 1365 flava
1569 1324 1612 1364 in

729 1381 876 1420 medio.
904 1380 1111 1419 Abdomen
1140 1382 1323 1434 nigrum,
1361 1380 1515 1420 annulis
1546 1378 1614 1419 sex

732 1434 872 1483 ssavis,
892 1433 975 1474 fere
1002 1434 1235 1487 petiolatum
1249 1464 1263 1485 ,
1282 1434 1421 1474 subtus.
1433 1435 1615 1489 nigrum,

727 1488 850 1541 pedes
877 1486 990 1529 fulvi.

393 1600 582 1654 Arguro-
612 1597 729 1650 84.(
768 1597 806 1637 le
857 1597 966 1638 front
1019 1600 1238 1650 d’argent)
1287 1599 1434 1653 nigra,
1483 1596 1618 1636 fronte

458 1663 633 1707 metopa.
736 1661 926 1705 argentea
949 1682 962 1701 ‚
1023 1653 1232 1692 abdomine
1284 1654 1415 1693 antice
1461 1650 1572 1691 fulvo
1595 1680 1614 1702 2

731 1706 897 1759 pedibus
924 1707 1068 1760 nigris,

676 1761 778 1802 Hab.
806 1761 846 1800 in
882 1763 1057 1813 Europa.
1088 1764 1132 1801 In
1160 1761 1318 1803 Breffia.

672 1816 790 1868 Desit.
825 1817 994 1869 Magna.
1023 1814 1224 1855 Antennae
1252 1817 1409 1870 nigrae‚
1446 1827 1623 1856 convo-—

735 1871 844 1911 lutae.
889 1871 1014 1922 Caput
1047 1872 1228 1925 nigrum,
1246 1872 1382 1924 fronte
1411 1878 1618 1924 argentea.

732 1925 943 1966 Abdomen
978 1926 1109 1965 antice
1137 1925 1320 1971 fulvum,
1357 1924 1504 1978 postice
1546 1924 1614 1962 ni-

733 1993 848 2035 grum
865 2010 878 2030 ‚
925 1980 1102 2021 incisuris
1155 1980 1301 2020 ultimis
1352 1978 1581 2019 tomentofis
1603 2007 1616 2026 ,

735 2044 922 2076 tomento
950 2044 1063 2075 certo
1090 2035 1167 2074 situ
1183 2034 1469 2074 albo-sericeo.
1488 2031 1613 2071 Pedes

736 2090 858 2144 nigri.
885 2089 979 2130 Mas
1010 2089 1181 2130 foeminae
1207 2089 1351 2130 similis.

370 2201 580 2256 Elongata.
610 2198 677 2250 85.
710 2199 752 2239 S.
784 2202 801 2251 (
827 2199 1003 2254 l’alonge
1030 2202 1046 2250 )
1078 2201 1221 2253 nigra,
1254 2197 1467 2237 abdomine
1493 2195 1613 2235 valde

729 2253 926 2306 elongato
966 2255 1186 2294 lateraliter
1237 2252 1329 2292 albo
1381 2250 1580 2291 maculato
1600 2278 1615 2299 ‚

729 2309 896 2360 pedibus
932 2307 1048 2348 fuscis
1071 2339 1083 2357 ,
1110 2308 1217 2347 tibiis
1243 2307 1474 2360 variegatis.

676 2363 778 2403 Hah.
808 2364 848 2401 in
879 2365 1049 2415 Europa.
1082 2365 1125 2401 In
1153 2361 1282 2401 Gallia
1308 2360 1418 2401 Aust.
1445 2371 1548 2400 rara.

682 2417 797 2468 Dess.
827 2418 1013 2472 Magna,
1053 2417 1120 2457 sed
1147 2417 1304 2457 ratione
1340 2413 1629 2469 magnitudinis.-
