1737 2804
322 218 398 270 596
591 217 839 256 ΙΝςΕοτΑ
866 212 1147 256 DIPTERA.
1179 206 1332 255 AfilusT

700 319 899 362 diversum
922 320 1122 375 descripfit
1148 321 1205 363 D.
1228 326 1274 365 de
1298 322 1400 365 Geer
1414 352 1428 373 ‚
1461 323 1527 364 sed
1551 325 1593 364 in

699 377 780 418 hoc
824 386 1012 416 antennae
1061 377 1222 418 muticae
1267 379 1355 420 sunt
1382 409 1395 430 ,
1441 379 1484 419 in
1521 378 1597 420 illo

701 432 815 486 apice
842 431 1041 485 setigerae.
1069 434 1122 474 V.

404 549 548 602 Niger.
577 554 645 585 21.
677 544 731 583 A.
765 545 783 594 (
809 541 847 582 le
876 543 1001 592 noir)
1030 541 1167 583 fronte
1188 571 1202 592 ‚
1233 541 1453 584 halteribus
1471 545 1597 586 abdo-

701 597 896 650 minisque
923 597 1108 638 incisuris
1137 600 1316 652 margine
1339 601 1484 641 aureis.

645 653 746 695 Hah.
774 654 814 692 in
845 656 1017 706 Europae
1046 652 1368 695 floribusthid.
1394 657 1440 694 In
1467 655 1598 696 Gallia

701 708 814 749 Aust.
837 711 889 749 V.

642 763 979 814 Desc.Antenrzae
996 763 1166 805 clavatae
1185 793 1198 813 ‚
1228 764 1406 805 muticae.
1438 765 1599 806 Aureus

699 821 811 860 nitor
840 817 988 858 frontis
1023 820 1058 860 &
1091 820 1278 873 marginis
1306 819 1486 860 lateralis
1513 820 1601 875 seg-

698 884 927 914 mentorum
961 873 1186 915 abdominis
1209 875 1250 914 in
1285 874 1367 914 alio
1393 874 1500 915 oculi
1527 875 1601 915 situ

699 929 787 969 fere
814 929 1033 971 evanescit.
1065 930 1271 970 Abdomen
1302 929 1602 983 semicylindri-

696 998 803 1024 curn.
830 984 943 1023 Oculi
963 983 1365 1026 fusco-virescentes.
1389 985 1484 1024 Alae
1504 984 1601 1025 sub-

701 1040 928 1088 violaceae‚
967 1039 1045 1079 1)εῇ
1077 1039 1306 1079 excolores.

645 1095 736 1145 Obs.
757 1098 849 1135 Nec
866 1094 920 1135 est
937 1094 1049 1135 asilus
1066 1096 1176 1146 niger
1192 1095 1249 1135 D.
1268 1095 1313 1134 de
1341 1093 1441 1135 Geer
1452 1125 1467 1144 ‚
1489 1095 1602 1148 cujus

703 1159 890 1191 antennae
921 1150 1034 1203 apice
1069 1150 1160 1190 sunt
1194 1150 1392 1204 setigerae.

311 1263 554 1318 'Aquaticus.
578 1272 646 1303 22.
677 1261 731 1300 A.
765 1262 782 1311 (
808 1259 1052 1312 l’aquatique
1092 1261 1109 1309 )
1169 1259 1286 1312 niger
1314 1289 1328 1308 ‚
1380 1258 1601 1300 halteribus

703 1314 1004 1366 abdominisque
1032 1313 1217 1354 incisuris
1243 1315 1423 1365 margine
1449 1314 1563 1355 albis.

647 1370 749 1410 Hah.
784 1371 822 1408 in
851 1371 1027 1420 Europa.

645 1426 765 1473 Dese.
789 1425 976 1475 Quatuor
994 1423 1120 1460 lineas
1139 1420 1312 1474 longus,
1340 1431 1447 1460 totus
1468 1423 1600 1477 niger.

704 1477 890 1516 Halteres
912 1476 1020 1525 albi,
1048 1475 1226 1528 capitulo
1248 1477 1484 1528 compreffo.
1507 1479 1601 1518 Ala

702 1531 906 1584 hyalinae,
934 1531 1014 1571 fine
1041 1529 1219 1572 maculis.
1244 1530 1454 1571 Abdomen
1483 1532 1602 1574 semi-

704 1585 989 1640 cylindricum.

366 1701 547 1745 mnus.
575 1712 645 1757 ²³·
675 1697 1353 1808 Αέῑὲρέἓςεῖἕιξωέῑηζῑὲἱέἷᾷἰῗὲς
1375 1696 1603 1795 nimi

1000 1783 1014 1801 2
1335 1782 1350 1802 θ

709 1811 824 1850 albis.

652 1867 753 1907 Hah.
786 1867 827 1905 in
859 1868 1034 1920 Europa.

651 1922 768 1972 Desit.
812 1920 960 1972 Corpus
998 1921 1125 1962 lineas
1165 1930 1248 1962 tres
1291 1919 1470 1975 longum.
1507 1920 1603 1961 Alae

707 1976 973 2017 immaculatae
996 2006 1009 2026 ,
1050 1976 1255 2031 hyalinae,
1301 1978 1419 2017 venis
1456 1973 1603 2026 fuscis,

707 2031 815 2072 linea
847 2031 1056 2086 marginali
1086 2033 1213 2086 nigra.
1231 2031 1473 2072 Abdominis
1499 2032 1602 2072 inci-

706 2087 806 2127 surae
842 2088 1023 2141 margine
1055 2087 1212 2130 albidae.

321 2203 647 2256 Maculatus.24.
678 2200 736 2240 A.
770 2201 787 2250 (
812 2198 850 2239 le
888 2197 1092 2292 tafchsete)
1119 2198 1259 2294 lneu-lis
1298 2197 1605 2293 suflyiridilgufl

705 2255 920 2350 ἑξὲῗὲιξῗηε
945 2267 1234 2363 υἱὲἵῐῦςίῐζὲἓῗ
1286 2256 1602 2349 Εξθὲιὼῖἓῐεῖξύῗ

706 2365 944 2417 maculisque
972 2364 1195 2403 dorsalibus·
1222 2365 1363 2419 nigris,

649 2420 750 2462 Hah.
782 2421 820 2459 in
854 2422 1024 2473 Europae
1055 2418 1179 2474 sylvis
1212 2419 1251 2461 ὅ(
1282 2419 1475 2471 ericetis,
1513 2431 1599 2467 non

705 2487 829 2518 rarus-
