1737 2804
398 135 471 178 544
663 129 902 167 INSECTA
935 125 1214 173 DIPTERA.
1246 129 1400 168 Musca.

773 233 1047 274 incumbentes
1067 266 1080 285 ‚
1105 239 1164 277 uti
1188 239 1227 278 in
1255 237 1393 291 apibus
1413 269 1424 287 ‚
1448 239 1530 292 post
1558 253 1667 281 ntor-

776 298 856 327 tem
885 296 1017 327 tamen
1045 293 1244 342 parallelae
1281 295 1472 334 evadunt.
1515 294 1664 345 Corpus

777 352 908 382 totum
939 343 1058 383 vaide
1093 344 1313 394 hirsutum,
1356 359 1399 387 ut
1446 350 1486 387 in
1530 351 1668 402 apibus

775 397 1163 450 bonzbinatricibus,
1211 403 1424 455 praesertim
1459 416 1560 443 vero
1604 405 1668 457 api

774 454 975 492 hortorum
1017 454 1181 495 omnino
1217 458 1359 497 similis.
1395 460 1526 512 Nigra
1560 470 1660 499 tota.

776 507 906 548 Frons
933 506 1033 547 alba.
1072 508 1207 548 Fascia
1236 513 1275 550 in
1304 512 1380 552 basi
1416 513 1592 553 thoracis
1626 516 1664 555 ὃ(

776 563 852 602 alia
884 576 953 615 per
980 563 1151 602 medium
1173 564 1392 606 abdominis
1414 568 1544 608 flavae.
1569 569 1664 607 Ab-

773 618 942 657 dominis
985 630 1086 670 apex
1126 618 1248 660 albet.
1290 621 1494 663 Abdomen
1534 624 1664 664 musca

776 674 881 727 gerit
908 672 1137 722 deflexum,
1174 675 1216 713 in
1256 674 1369 726 cujus
1401 677 1477 718 basi
1513 679 1540 719 s.
1575 679 1666 732 seg—

775 737 912 768 mento
939 728 1065 780 primo
1098 729 1286 781 utrinque
1320 729 1481 772 foveola
1515 746 1664 785 parva,

776 797 828 824 ex
856 781 968 835 cujus
997 792 1140 823 centro
1158 784 1371 836 peculiaris
1392 785 1502 826 fascis
1523 790 1665 828 oritur.

774 838 871 879 Alae
911 837 1116 891 hyalinae‚
1159 840 1292 878 medio
1336 840 1472 879 umbra
1516 841 1664 884 fusces-

776 903 908 934 cente.
943 893 1148 932 Abdometz
1180 893 1316 933 subtus
1348 894 1542 949 glabrum.

719 950 854 1001 Pappa
882 947 1102 989 fuscescens
1123 979 1136 997 ‚
1165 947 1374 1003 fuliginosa
1393 981 1405 1000 ,
1443 951 1575 1003 gibba.
1599 954 1663 993 Ad

777 1005 918 1058 capitis
946 1003 1152 1057 regionem
1180 1017 1353 1057 corpora
1378 1007 1457 1044 duo
1486 1008 1670 1047 verruci-

774 1059 941 1108 formia‚
981 1058 1064 1098 fors
1092 1060 1247 1113 vaginae
1271 1073 1530 1100 verrucarum
1567 1063 1668 1102 toti-

775 1117 865 1156 dem
902 1116 942 1154 in
980 1113 1185 1154 declarato
1218 1114 1366 1155 infesto
1391 1117 1431 1155 in
1461 1116 1537 1156 basi
1566 1117 1667 1156 tho-

772 1172 877 1210 racis
906 1169 975 1208 sub
1008 1168 1172 1208 hirsutie
1206 1168 1430 1211 latentium.
1468 1174 1513 1210 In
1545 1172 1665 1211 dorso

772 1222 925 1263 macula
956 1221 1044 1259 alba
1080 1223 1248 1262 furcata.
1288 1224 1528 1264 Abdominis
1565 1239 1666 1278 apex

772 1276 1075 1324 subaculeatus‚
1110 1278 1363 1328 prominente
1393 1279 1550 1331 cuspide
1586 1294 1664 1320 va-

774 1334 877 1387 ginis
904 1331 1055 1370 duabus
1082 1330 1257 1378 inclusa,
1293 1345 1456 1384 quarum
1483 1333 1664 1386 superior

770 1386 871 1427 nihil
907 1384 1014 1424 aliud
1039 1413 1051 1429 ‚
1096 1397 1211 1436 quam
1251 1388 1506 1428 continuatio
1547 1390 1660 1441 pellis

768 1453 947 1494 puppae,
991 1437 1160 1479 inferior
1200 1454 1301 1480 vero
1346 1454 1474 1482 cornu
1519 1444 1659 1486 colore
1726 1488 1728 1490 ,

771 1497 888 1534 nitet.
930 1492 1080 1544 Corpus
1129 1503 1260 1534 totum
1303 1495 1438 1535 subtus
1479 1498 1664 1538 subcom-

769 1550 972 1604 planatum
991 1577 1003 1597 ,
1037 1561 1127 1591 cum
1163 1549 1333 1604 vestigio
1361 1552 1479 1593 trium
1507 1555 1660 1605 parium

765 1606 923 1660 pedum.

387 1722 729 1780 Argyrosso-371.
760 1719 825 1758 M.
859 1717 940 1769 (la
982 1717 1126 1765 riche)
1178 1719 1361 1758 antennis
1411 1718 1563 1758 setariis
1600 1720 1663 1772 pi·-

410 1795 488 1822 ma.
763 1772 847 1813 losa
885 1773 997 1836 nigra
1014 1803 1025 1821 ,
1053 1771 1188 1812 fronte
1213 1771 1418 1826 fasciisque
1437 1774 1659 1815 abdominis

767 1838 985 1882 argenteis.

713 1886 813 1927 Hah.
841 1885 879 1922 in
908 1886 1083 1936 Europa.

713 1941 831 1990 Dese.
860 1939 1006 1979 Subtus
1042 1947 1128 1978 atra
1149 1969 1162 1988 ,
1191 1940 1378 1980 carbonis
1403 1940 1545 1986 instar,
1578 1954 1660 1981 non

766 1997 925 2043 nitens,
951 1992 1067 2046 supra
1087 2005 1174 2034 atra
1198 1996 1345 2036 nitens.
1365 1995 1524 2035 Thorax
1546 1995 1661 2035 lineis

766 2050 921 2101 aliquot
969 2049 1325 2102 longitndinalibus
1370 2051 1495 2090 minus
1543 2052 1655 2090 atris.

767 2105 893 2144 Frons
928 2105 965 2144 δε
1001 2104 1026 2143 s1
1067 2105 1254 2144 adcurate
1282 2106 1499 2152 intuearis,
1535 2116 1654 2156 caput

766 2169 898 2200 totum
941 2158 1187 2212 argenteum.
1240 2159 1352 2197 Oculi
1400 2159 1653 2199 rubescenti—

765 2216 872 2268 nigri
891 2214 929 2252 δε
945 2215 986 2253 in
1005 2214 1112 2253 collo
1128 2224 1348 2254 tomentum
1370 2213 1655 2266 ferrugineum.

766 2270 965 2309 Antennae
1012 2268 1129 2309 fuscae
1152 2298 1164 2314 .,
1222 2267 1476 2307 rubescentes
1530 2270 1656 2322 magis

770 2338 884 2377 quam
910 2323 1032 2363 oculi.
1059 2323 1266 2362 Abdomen
1302 2322 1519 2376 oblongum
1543 2354 1554 2371 ‚
1581 2323 1655 2362 fas-

767 2381 839 2426 ciis
884 2378 1009 2419 tribus
1049 2378 1234 2419 tenuibus
1283 2379 1515 2432 argenteis,
1538 2391 1655 2473 1:quae

1566 2437 1649 2473 ales
