1737 2804
363 135 416 180 90
472 126 718 167 InssscrA
745 115 1206 168 HYMENOPTERA.
1237 129 1491 172 Tenthredoi

693 235 819 289 Geoff.
840 236 963 286 parifi
989 248 1030 280 2.
1059 255 1104 290 p.
1131 249 1227 294 277.
1263 255 1304 280 n.
1340 250 1406 295 13.

684 291 782 331 Fab.
819 289 883 329 18.
1374 296 1377 298 ’

687 347 832 386 Enum.
861 361 903 385 n.
924 344 1020 401 663.

685 401 810 441 Faun.
839 400 969 444 Fridr.
1005 419 1044 444 n,
1069 403 1164 446 601.

683 455 805 495 Mis'll.
840 455 930 496 Lin.
959 456 1062 499 Nat.
1093 460 1141 499 cl.
1172 471 1219 500 V.
1240 477 1286 511 p.
1313 459 1407 513 827.

683 509 786 550 Hah.
815 510 856 548 in
886 510 1154 565 scrophularia
1181 516 1306 555 varia.

683 563 802 614 Defc.
856 564 983 617 Caput
1027 570 1198 622 nigrum.
1247 569 1428 610 Maxillae
1466 570 1590 623 nigrae
1613 601 1629 620 ,

737 621 926 662 dentatae.
955 621 1048 662 Oris
1076 624 1220 663 labium
1246 625 1420 678 superius
1437 625 1612 675 flavum3

742 674 812 714 sub
841 676 993 729 singulo
1015 679 1134 718 oculo
1162 679 1266 719 linea
1286 680 1402 720 flava.
1425 679 1626 719 Ameana:

740 729 981 784 ferrugineae
995 732 1076 772 five
1092 732 1213 774 fulvae
1227 764 1239 783 ,
1260 736 1426 774 clavatae
1445 766 1456 785 ,
1476 735 1627 787 septem

740 786 919 825 articulis
954 815 968 833 ,
1028 797 1200 840 excepto
1257 789 1407 829 infimo.
1459 789 1624 828 Thorax

738 841 881 894 niger,
913 855 935 881 a
966 842 1043 882 basi
1086 846 1135 882 ad
1175 843 1256 882 alas
1295 845 1480 896 utrinque
1518 845 1622 884 linea

741 895 872 946 θεν-εις
891 898 940 936 ad
956 897 1081 937 latera
1096 897 1232 938 baseos
1243 899 1424 950 punGmm
1441 900 1627 950 utrinque

739 950 888 990 flavum
922 953 959 992 ὅ(
992 952 1061 991 sub
1088 953 1161 996 alae
1193 953 1447 993 insertionem
1469 953 1625 992 macula

739 1005 880 1056 flava3
935 1020 1036 1059 apex
1097 1007 1274 1048 thoracis
1323 1009 1469 1061 pancio
1523 1009 1651 1048 flavo'

743 1061 906 1113 gemino
925 1091 938 1110 ‚
965 1061 1094 1102 altero
1120 1063 1204 1116 post
1228 1063 1395 1102 alterum
1416 1079 1427 1112 ;
1452 1065 1501 1103 ad
1526 1063 1631 1102 basin

741 1114 904 1155 femoris
926 1118 1037 1156 tertii
1055 1120 1159 1170 paris
1176 1118 1327 1157 macula
1347 1118 1464 1159 flava,
1486 1119 1630 1157 Abdo-

741 1172 862 1210 mim's
882 1172 985 1224 nigri
1016 1171 1219 1225 segmenta
1251 1184 1266 1211 1
1290 1204 1302 1220 ‚
1334 1184 1361 1224 4
1378 1204 1389 1222 ‚
1419 1182 1466 1221 ς,
1490 1171 1538 1222 6,
1569 1184 1596 1221 7
1613 1203 1626 1222 ,

742 1224 793 1275 8,
837 1236 860 1279 9
880 1256 893 1275 ,
921 1227 1037 1266 lineis
1065 1228 1180 1266 flavis
1212 1229 1477 1267 terminantur
1494 1258 1506 1276 ‚
1543 1240 1627 1267 non

743 1294 846 1321 vero
877 1293 934 1331 2,
969 1292 1021 1334 33
1050 1295 1149 1336 ergo
1183 1282 1347 1334 spatium
1381 1281 1497 1322 latius
1528 1283 1633 1321 inter

740 1336 886 1376 lineam
930 1339 1092 1388 primam
1141 1338 1178 1376 δε
1216 1336 1423 1376 secundam
1481 1336 1626 1377 flavam

742 1392 849 1444 tergi
872 1406 879 1430 :
910 1390 1045 1430 subtus
1068 1392 1201 1431 omnia
1229 1391 1431 1445 segmenta
1454 1393 1632 1445 margine

740 1445 847 1486 flava
878 1446 982 1486 sunt.
1011 1446 1175 1485 Femora
1205 1448 1339 1486 omnia
1367 1447 1480 1499 nigra
1507 1477 1519 1496 ‚
1564 1447 1630 1487 sed

739 1501 849 1540 tibiae
875 1501 989 1540 rufae.
1014 1501 1109 1540 Alae
1126 1501 1300 1555 hyalinae
1325 1533 1337 1551 ‚
1361 1503 1504 1554 puncio
1523 1514 1632 1540 mar-

739 1556 863 1610 ginali
899 1554 1133 1610 ferrugineo
1161 1558 1397 1610 &margine
1428 1557 1629 1596 exteriore

741 1611 892 1650 alarum
918 1611 1113 1663 majorum
1143 1611 1390 1666 ferrugineo.
1425 1613 1566 1651 Facies
1593 1613 1630 1652 ἃ

742 1666 977 1719 magnitudo
1011 1666 1156 1719 vespae.
1179 1666 1274 1705 Mas
1294 1666 1508 1706 femoribus
1527 1666 1623 1718 pos-

742 1720 833 1760 ticis
854 1719 988 1760 subtus
1008 1720 1113 1761 linea
1134 1720 1255 1762 flava.
1282 1721 1459 1761 Foemina
1489 1721 1631 1761 aculeo

739 1776 871 1815 brevi.

687 1832 821 1882 Pappa
851 1830 1018 1882 pedibus
1048 1830 1230 1870 instructa
1257 1831 1362 1883 jacet
1388 1831 1491 1870 intra
1514 1840 1632 1871 terrae

743 1884 900 1939 glebam
952 1888 970 1936 (
1005 1887 1054 1924 ad
1106 1887 1259 1925 radices
1302 1885 1580 1938 scrophulariae
1611 1888 1629 1935 )

744 1950 980 1981 excavatum
1027 1941 1086 1980 uti
1129 1941 1316 1981 scarabaei
1358 1954 1487 1993 puppa
1504 1972 1515 1990 ‚
1564 1941 1632 1980 ubi

744 1995 943 2035 delitescit
977 2009 997 2035 a
1025 1997 1268 2048 praecedenti
1292 2009 1397 2036 anno
1431 2009 1501 2048 per
1523 1995 1630 2049 hye-

743 2064 844 2090 mem
875 2053 916 2090 in
952 2052 1120 2104 primum
1156 2052 1274 2091 Junii.

693 2106 823 2145 Lar-m
870 2107 1015 2154 nivea,
1053 2106 1303 2159 longitudine
1346 2106 1460 2159 digiti
1497 2105 1630 2145 trans-

747 2161 850 2200 verli
867 2191 880 2210 ‚
908 2161 1074 2200 craffitie
1094 2174 1235 2213 pennae
1258 2160 1447 2201 anserinae
1465 2191 1478 2210 ‚
1505 2162 1630 2212 capite

744 2217 862 2268 nigro
888 2246 901 2265 ,
949 2216 1114 2268 pedibus
1144 2214 1167 2254 6
1196 2218 1234 2256 &
1258 2216 1306 2255 16
1333 2216 1398 2255 seu
1425 2227 1506 2266 223
1544 2225 1632 2255 tota

746 2272 912 2323 superna
933 2270 1140 2325 superficie
1158 2271 1308 2323 punc'lis
1324 2272 1446 2323 nigris
1463 2281 1603 2311 notata
1615 2300 1629 2318 ‚

750 2339 919 2377 quorum
966 2327 1204 2366 intermedia
1266 2325 1438 2366 dorsalia
1492 2325 1629 2380 paullo

747 2381 912 2433 majora.
942 2380 1067 2422 Faun.
1099 2389 1218 2433 1545.
1591 2401 1598 2409 »
