<?xml version="1.0" encoding="UTF-8"?>
<!DOCTYPE html PUBLIC "-//W3C//DTD XHTML 1.0 Transitional//EN"
    "http://www.w3.org/TR/xhtml1/DTD/xhtml1-transitional.dtd">
<html xmlns="http://www.w3.org/1999/xhtml" xml:lang="en" lang="en">
 <head>
  <title>
</title>
<meta http-equiv="Content-Type" content="text/html;charset=utf-8" />
  <meta name='ocr-system' content='tesseract 3.04.00' />
  <meta name='ocr-capabilities' content='ocr_page ocr_carea ocr_par ocr_line ocrx_word'/>
</head>
<body>
  <div class='ocr_page' id='page_1' title='image "./carolilinnient03linn_0630.png"; bbox 0 0 1737 2804; ppageno 0'>
   <div class='ocr_carea' id='block_1_1' title="bbox 315 149 1444 215">
    <p class='ocr_par' dir='ltr' id='par_1_1' title="bbox 315 149 1444 215">
     <span class='ocr_line' id='line_1_1' title="bbox 315 149 1444 215; baseline -0.01 -10"><span class='ocrx_word' id='word_1_1' title='bbox 315 161 397 215; x_wconf 81' lang='lat'><strong>624</strong></span> <span class='ocrx_word' id='word_1_2' title='bbox 451 160 853 202; x_wconf 62' lang='grc' dir='ltr'><strong>ΑΝΑιττιοΑ</strong></span> <span class='ocrx_word' id='word_1_3' title='bbox 903 161 975 193; x_wconf 65' lang='lat' dir='ltr'><strong>tx</strong></span> <span class='ocrx_word' id='word_1_4' title='bbox 1021 149 1444 194; x_wconf 55' lang='lat' dir='ltr'><strong>Comen-Rara</strong></span> 
     </span>
    </p>
   </div>
   <div class='ocr_carea' id='block_1_2' title="bbox 478 266 717 310">
    <p class='ocr_par' dir='ltr' id='par_1_2' title="bbox 478 266 717 310">
     <span class='ocr_line' id='line_1_2' title="bbox 478 266 717 310; baseline -0.017 0"><span class='ocrx_word' id='word_1_5' title='bbox 478 269 524 310; x_wconf 87' lang='lat' dir='ltr'><em>D</em></span> <span class='ocrx_word' id='word_1_6' title='bbox 552 266 717 310; x_wconf 77' lang='lat' dir='ltr'><strong>Linnaet&#39;.</strong></span> 
     </span>
    </p>
   </div>
   <div class='ocr_carea' id='block_1_3' title="bbox 369 381 926 812">
    <p class='ocr_par' dir='ltr' id='par_1_3' title="bbox 369 381 926 812">
     <span class='ocr_line' id='line_1_3' title="bbox 369 381 920 437; baseline -0.018 -13"><span class='ocrx_word' id='word_1_7' title='bbox 369 383 400 424; x_wconf 87' lang='lat' dir='ltr'><strong>li</strong></span> <span class='ocrx_word' id='word_1_8' title='bbox 449 381 607 437; x_wconf 85' lang='lat' dir='ltr'><strong>generis</strong></span> <span class='ocrx_word' id='word_1_9' title='bbox 663 381 920 430; x_wconf 80' lang='lat' dir='ltr'><strong>agnoverunt</strong></span> 
     </span>
     <span class='ocr_line' id='line_1_4' title="bbox 369 429 922 487; baseline -0.02 -7"><span class='ocrx_word' id='word_1_10' title='bbox 369 433 646 487; x_wconf 87' lang='lat' dir='ltr'><strong>Entomologi.</strong></span> <span class='ocrx_word' id='word_1_11' title='bbox 701 429 922 471; x_wconf 82' lang='lat' dir='ltr'><strong>Ambarum</strong></span> 
     </span>
     <span class='ocr_line' id='line_1_5' title="bbox 371 484 923 540; baseline -0.016 -6"><span class='ocrx_word' id='word_1_12' title='bbox 371 492 558 534; x_wconf 62' lang='lat' dir='ltr'><strong>struffizra</strong></span> <span class='ocrx_word' id='word_1_13' title='bbox 606 484 797 540; x_wconf 86' lang='lat' dir='ltr'><strong>locusque</strong></span> <span class='ocrx_word' id='word_1_14' title='bbox 844 497 923 526; x_wconf 89' lang='lat' dir='ltr'><strong>ea-</strong></span> 
     </span>
     <span class='ocr_line' id='line_1_6' title="bbox 372 540 925 596; baseline -0.013 -7"><span class='ocrx_word' id='word_1_15' title='bbox 372 550 477 588; x_wconf 85' lang='lat' dir='ltr'><strong>dem.</strong></span> <span class='ocrx_word' id='word_1_16' title='bbox 531 545 577 583; x_wconf 90' lang='lat' dir='ltr'><strong>In</strong></span> <span class='ocrx_word' id='word_1_17' title='bbox 618 541 842 596; x_wconf 87' lang='lat' dir='ltr'><strong>quercubus</strong></span> <span class='ocrx_word' id='word_1_18' title='bbox 883 540 925 582; x_wconf 85' lang='lat'>&amp;</span> 
     </span>
     <span class='ocr_line' id='line_1_7' title="bbox 371 595 921 656; baseline -0.013 -15"><span class='ocrx_word' id='word_1_19' title='bbox 371 603 475 656; x_wconf 81' lang='lat' dir='ltr'><strong>pinis</strong></span> <span class='ocrx_word' id='word_1_20' title='bbox 506 608 676 651; x_wconf 84' lang='lat' dir='ltr'><strong>utraque</strong></span> <span class='ocrx_word' id='word_1_21' title='bbox 703 595 921 648; x_wconf 83' lang='lat' dir='ltr'><strong>frequens3</strong></span> 
     </span>
     <span class='ocr_line' id='line_1_8' title="bbox 372 650 921 697; baseline -0.015 0"><span class='ocrx_word' id='word_1_22' title='bbox 372 654 548 697; x_wconf 86' lang='lat' dir='ltr'><strong>moribus</strong></span> <span class='ocrx_word' id='word_1_23' title='bbox 561 663 694 693; x_wconf 80' lang='lat' dir='ltr'><strong>tamen</strong></span> <span class='ocrx_word' id='word_1_24' title='bbox 708 650 897 691; x_wconf 86' lang='lat' dir='ltr'><strong>differunt</strong></span> <span class='ocrx_word' id='word_1_25' title='bbox 911 663 921 689; x_wconf 73' lang='grc' dir='ltr'>ε</span> 
     </span>
     <span class='ocr_line' id='line_1_9' title="bbox 371 704 925 764; baseline -0.009 -13"><span class='ocrx_word' id='word_1_26' title='bbox 371 709 554 764; x_wconf 79' lang='lat' dir='ltr'><strong>raphidia</strong></span> <span class='ocrx_word' id='word_1_27' title='bbox 589 707 780 760; x_wconf 78' lang='lat' dir='ltr'><strong>ophiopfis</strong></span> <span class='ocrx_word' id='word_1_28' title='bbox 819 704 925 758; x_wconf 82' lang='lat' dir='ltr'><strong>agile</strong></span> 
     </span>
     <span class='ocr_line' id='line_1_10' title="bbox 374 762 926 812; baseline -0.009 -6"><span class='ocrx_word' id='word_1_29' title='bbox 374 763 653 807; x_wconf 75' lang='lat' dir='ltr'><strong>animalculum</strong></span> <span class='ocrx_word' id='word_1_30' title='bbox 688 792 700 812; x_wconf 93' lang='lat'><strong>‚</strong></span> <span class='ocrx_word' id='word_1_31' title='bbox 768 762 926 802; x_wconf 87' lang='lat' dir='ltr'><strong>tardum</strong></span> 
     </span>
    </p>
   </div>
   <div class='ocr_carea' id='block_1_4' title="bbox 373 816 928 916">
    <p class='ocr_par' dir='ltr' id='par_1_4' title="bbox 373 816 928 916">
     <span class='ocr_line' id='line_1_11' title="bbox 373 816 928 916; baseline -0.007 -55"><span class='ocrx_word' id='word_1_32' title='bbox 373 833 477 916; x_wconf 44' lang='lat' dir='ltr'><strong>{sero</strong></span> <span class='ocrx_word' id='word_1_33' title='bbox 522 817 680 874; x_wconf 87' lang='lat' dir='ltr'><strong>aphidia</strong></span> <span class='ocrx_word' id='word_1_34' title='bbox 722 816 928 867; x_wconf 76' lang='lat' dir='ltr'><strong>mantispa.</strong></span> 
     </span>
    </p>
   </div>
   <div class='ocr_carea' id='block_1_5' title="bbox 346 1039 898 1195">
    <p class='ocr_par' dir='ltr' id='par_1_5' title="bbox 346 1039 898 1195">
     <span class='ocr_line' id='line_1_12' title="bbox 346 1039 898 1086; baseline -0.011 -1"><span class='ocrx_word' id='word_1_35' title='bbox 346 1039 898 1086; x_wconf 84' lang='lat' dir='ltr'><strong>HYMENOPTERA.</strong></span> 
     </span>
     <span class='ocr_line' id='line_1_13' title="bbox 485 1152 766 1195; baseline -0.011 0"><span class='ocrx_word' id='word_1_36' title='bbox 485 1152 766 1195; x_wconf 82' lang='lat' dir='ltr'><strong>CYNIPS.</strong></span> 
     </span>
    </p>
   </div>
   <div class='ocr_carea' id='block_1_6' title="bbox 327 1257 941 2257">
    <p class='ocr_par' dir='ltr' id='par_1_6' title="bbox 330 1257 932 1361">
     <span class='ocr_line' id='line_1_14' title="bbox 330 1257 932 1316; baseline -0.013 -10"><span class='ocrx_word' id='word_1_37' title='bbox 330 1265 388 1306; x_wconf 81' lang='lat' dir='ltr'><strong>Os</strong></span> <span class='ocrx_word' id='word_1_38' title='bbox 415 1264 582 1306; x_wconf 82' lang='lat' dir='ltr'><strong>maxiilis</strong></span> <span class='ocrx_word' id='word_1_39' title='bbox 600 1262 745 1316; x_wconf 84' lang='lat' dir='ltr'>absque</span> <span class='ocrx_word' id='word_1_40' title='bbox 762 1257 932 1315; x_wconf 85' lang='lat' dir='ltr'>probos-</span> 
     </span>
     <span class='ocr_line' id='line_1_15' title="bbox 382 1321 486 1361; baseline 0 0"><span class='ocrx_word' id='word_1_41' title='bbox 382 1321 486 1361; x_wconf 86' lang='lat' dir='ltr'><strong>cide.</strong></span> 
     </span>
    </p>

    <p class='ocr_par' dir='ltr' id='par_1_7' title="bbox 327 1369 932 1472">
     <span class='ocr_line' id='line_1_16' title="bbox 327 1369 932 1428; baseline -0.017 -12"><span class='ocrx_word' id='word_1_42' title='bbox 327 1376 504 1416; x_wconf 83' lang='lat' dir='ltr'><strong>Aculeus</strong></span> <span class='ocrx_word' id='word_1_43' title='bbox 546 1373 696 1428; x_wconf 78' lang='lat' dir='ltr'><strong>spiralis</strong></span> <span class='ocrx_word' id='word_1_44' title='bbox 736 1401 750 1422; x_wconf 84' lang='lat'>‚</span> <span class='ocrx_word' id='word_1_45' title='bbox 792 1369 932 1422; x_wconf 86' lang='lat' dir='ltr'><strong>saepius</strong></span> 
     </span>
     <span class='ocr_line' id='line_1_17' title="bbox 383 1431 631 1472; baseline -0.016 0"><span class='ocrx_word' id='word_1_46' title='bbox 383 1431 631 1472; x_wconf 86' lang='lat' dir='ltr'><strong>reconditur.</strong></span> 
     </span>
    </p>

    <p class='ocr_par' dir='ltr' id='par_1_8' title="bbox 327 1479 937 1813">
     <span class='ocr_line' id='line_1_18' title="bbox 327 1479 931 1538; baseline -0.015 -13"><span class='ocrx_word' id='word_1_47' title='bbox 327 1486 453 1538; x_wconf 82' lang='lat' dir='ltr'><strong>Hujus</strong></span> <span class='ocrx_word' id='word_1_48' title='bbox 492 1484 651 1538; x_wconf 85' lang='lat' dir='ltr'><strong>generis</strong></span> <span class='ocrx_word' id='word_1_49' title='bbox 683 1479 931 1521; x_wconf 52' lang='lat' dir='ltr'><strong>charaf-{eres</strong></span> 
     </span>
     <span class='ocr_line' id='line_1_19' title="bbox 381 1531 931 1584; baseline -0.015 -5"><span class='ocrx_word' id='word_1_50' title='bbox 381 1542 485 1579; x_wconf 78' lang='lat' dir='ltr'><strong>adeo</strong></span> <span class='ocrx_word' id='word_1_51' title='bbox 503 1535 757 1577; x_wconf 81' lang='lat' dir='ltr'><strong>determinati</strong></span> <span class='ocrx_word' id='word_1_52' title='bbox 777 1564 790 1584; x_wconf 88' lang='lat'><strong>‚</strong></span> <span class='ocrx_word' id='word_1_53' title='bbox 811 1543 857 1573; x_wconf 88' lang='lat' dir='ltr'><strong>ut</strong></span> <span class='ocrx_word' id='word_1_54' title='bbox 873 1531 931 1571; x_wconf 86' lang='lat' dir='ltr'><strong>D.</strong></span> 
     </span>
     <span class='ocr_line' id='line_1_20' title="bbox 387 1589 934 1647; baseline -0.013 -14"><span class='ocrx_word' id='word_1_55' title='bbox 387 1592 512 1647; x_wconf 80' lang='lat' dir='ltr'><strong>Geoffi</strong></span> <span class='ocrx_word' id='word_1_56' title='bbox 538 1592 687 1632; x_wconf 82' lang='lat' dir='ltr'><strong>erroris</strong></span> <span class='ocrx_word' id='word_1_57' title='bbox 712 1589 827 1630; x_wconf 86' lang='lat' dir='ltr'><strong>causa</strong></span> <span class='ocrx_word' id='word_1_58' title='bbox 850 1600 934 1627; x_wconf 92' lang='lat' dir='ltr'><strong>non</strong></span> 
     </span>
     <span class='ocr_line' id='line_1_21' title="bbox 383 1641 936 1701; baseline -0.014 -12"><span class='ocrx_word' id='word_1_59' title='bbox 383 1650 502 1690; x_wconf 69' lang='lat' dir='ltr'><strong>facile</strong></span> <span class='ocrx_word' id='word_1_60' title='bbox 543 1647 831 1701; x_wconf 65' lang='lat' dir='ltr'><strong>assignaretur,</strong></span> <span class='ocrx_word' id='word_1_61' title='bbox 865 1641 936 1682; x_wconf 74' lang='lat' dir='ltr'><strong>nisi</strong></span> 
     </span>
     <span class='ocr_line' id='line_1_22' title="bbox 385 1699 937 1760; baseline -0.014 -15"><span class='ocrx_word' id='word_1_62' title='bbox 385 1704 578 1760; x_wconf 82' lang='lat' dir='ltr'><strong>gallarum</strong></span> <span class='ocrx_word' id='word_1_63' title='bbox 609 1701 851 1755; x_wconf 71' lang='lat' dir='ltr'><strong>inspefflone</strong></span> <span class='ocrx_word' id='word_1_64' title='bbox 865 1699 937 1738; x_wconf 88' lang='lat' dir='ltr'><strong>de·-</strong></span> 
     </span>
     <span class='ocr_line' id='line_1_23' title="bbox 386 1755 937 1813; baseline -0.016 -12"><span class='ocrx_word' id='word_1_65' title='bbox 386 1769 527 1813; x_wconf 79' lang='lat' dir='ltr'><strong>ceptus</strong></span> <span class='ocrx_word' id='word_1_66' title='bbox 563 1757 707 1798; x_wconf 76' lang='lat' dir='ltr'><strong>fuisset.</strong></span> <span class='ocrx_word' id='word_1_67' title='bbox 758 1755 937 1796; x_wconf 86' lang='lat' dir='ltr'><strong>Ichneu-</strong></span> 
     </span>
    </p>

    <p class='ocr_par' dir='ltr' id='par_1_9' title="bbox 354 1810 941 2257">
     <span class='ocr_line' id='line_1_24' title="bbox 354 1810 936 1855; baseline -0.012 0"><span class='ocrx_word' id='word_1_68' title='bbox 354 1834 357 1836; x_wconf 93' lang='lat'>·</span> <span class='ocrx_word' id='word_1_69' title='bbox 385 1828 549 1855; x_wconf 76' lang='lat' dir='ltr'><strong>monum</strong></span> <span class='ocrx_word' id='word_1_70' title='bbox 609 1813 723 1854; x_wconf 81' lang='lat' dir='ltr'>larva</span> <span class='ocrx_word' id='word_1_71' title='bbox 784 1810 936 1851; x_wconf 79' lang='lat' dir='ltr'>larvam</span> 
     </span>
     <span class='ocr_line' id='line_1_25' title="bbox 385 1865 936 1925; baseline -0.015 -14"><span class='ocrx_word' id='word_1_72' title='bbox 385 1872 576 1925; x_wconf 77' lang='lat' dir='ltr'><strong>cynipum</strong></span> <span class='ocrx_word' id='word_1_73' title='bbox 618 1870 817 1908; x_wconf 85' lang='lat' dir='ltr'><strong>devorant</strong></span> <span class='ocrx_word' id='word_1_74' title='bbox 867 1865 936 1904; x_wconf 86' lang='lat' dir='ltr'><strong>in-</strong></span> 
     </span>
     <span class='ocr_line' id='line_1_26' title="bbox 386 1919 936 1978; baseline -0.016 -11"><span class='ocrx_word' id='word_1_75' title='bbox 386 1927 608 1978; x_wconf 63' lang='lat' dir='ltr'><strong>i‘eftumque</strong></span> <span class='ocrx_word' id='word_1_76' title='bbox 638 1923 788 1963; x_wconf 71' lang='lat' dir='ltr'><strong>alarum</strong></span> <span class='ocrx_word' id='word_1_77' title='bbox 808 1934 830 1962; x_wconf 92' lang='lat' dir='ltr'><strong>e</strong></span> <span class='ocrx_word' id='word_1_78' title='bbox 846 1919 936 1975; x_wconf 86' lang='lat' dir='ltr'>gal-</span> 
     </span>
     <span class='ocr_line' id='line_1_27' title="bbox 387 1975 937 2036; baseline -0.015 -14"><span class='ocrx_word' id='word_1_79' title='bbox 387 1983 437 2022; x_wconf 70' lang='lat' dir='ltr'><strong>§is</strong></span> <span class='ocrx_word' id='word_1_80' title='bbox 475 1980 680 2036; x_wconf 82' lang='lat' dir='ltr'><strong>egreditur</strong></span> <span class='ocrx_word' id='word_1_81' title='bbox 714 1978 779 2018; x_wconf 90' lang='lat' dir='ltr'><strong>cui</strong></span> <span class='ocrx_word' id='word_1_82' title='bbox 807 1975 937 2031; x_wconf 80' lang='lat' dir='ltr'>galla-</span> 
     </span>
     <span class='ocr_line' id='line_1_28' title="bbox 388 2031 939 2089; baseline -0.013 -12"><span class='ocrx_word' id='word_1_83' title='bbox 388 2050 476 2078; x_wconf 74' lang='lat' dir='ltr'><strong>rum</strong></span> <span class='ocrx_word' id='word_1_84' title='bbox 510 2037 627 2089; x_wconf 85' lang='lat' dir='ltr'><strong>origo</strong></span> <span class='ocrx_word' id='word_1_85' title='bbox 668 2046 754 2074; x_wconf 88' lang='lat' dir='ltr'><strong>non</strong></span> <span class='ocrx_word' id='word_1_86' title='bbox 788 2031 939 2085; x_wconf 86' lang='lat' dir='ltr'><strong>optime</strong></span> 
     </span>
     <span class='ocr_line' id='line_1_29' title="bbox 388 2086 941 2139; baseline -0.014 -6"><span class='ocrx_word' id='word_1_87' title='bbox 388 2093 647 2133; x_wconf 83' lang='lat' dir='ltr'><strong>tribueretur.</strong></span> <span class='ocrx_word' id='word_1_88' title='bbox 667 2088 843 2128; x_wconf 79' lang='lat' dir='ltr'><strong>Aculeus</strong></span> <span class='ocrx_word' id='word_1_89' title='bbox 858 2086 941 2139; x_wconf 86' lang='lat' dir='ltr'><strong>spi-</strong></span> 
     </span>
     <span class='ocr_line' id='line_1_30' title="bbox 390 2144 941 2199; baseline -0.005 -12"><span class='ocrx_word' id='word_1_90' title='bbox 390 2149 483 2187; x_wconf 78' lang='lat' dir='ltr'><strong>ralis</strong></span> <span class='ocrx_word' id='word_1_91' title='bbox 521 2147 614 2189; x_wconf 79' lang='lat' dir='ltr'><strong>huie</strong></span> <span class='ocrx_word' id='word_1_92' title='bbox 658 2144 798 2199; x_wconf 81' lang='lat' dir='ltr'><strong>generi</strong></span> <span class='ocrx_word' id='word_1_93' title='bbox 836 2154 941 2196; x_wconf 85' lang='lat' dir='ltr'>pro-</span> 
     </span>
     <span class='ocr_line' id='line_1_31' title="bbox 391 2215 512 2257; baseline -0.017 -12"><span class='ocrx_word' id='word_1_94' title='bbox 391 2215 512 2257; x_wconf 75' lang='lat' dir='ltr'><strong>pnus.</strong></span> 
     </span>
    </p>
   </div>
   <div class='ocr_carea' id='block_1_7' title="bbox 1123 257 1417 304">
    <p class='ocr_par' dir='ltr' id='par_1_10' title="bbox 1123 257 1417 304">
     <span class='ocr_line' id='line_1_32' title="bbox 1123 257 1417 304; baseline 0.003 -3"><span class='ocrx_word' id='word_1_95' title='bbox 1123 259 1183 304; x_wconf 85' lang='lat' dir='ltr'><strong>D.</strong></span> <span class='ocrx_word' id='word_1_96' title='bbox 1208 262 1257 304; x_wconf 82' lang='lat' dir='ltr'><strong>de</strong></span> <span class='ocrx_word' id='word_1_97' title='bbox 1284 257 1417 304; x_wconf 75' lang='lat' dir='ltr'><strong>Geeri.</strong></span> 
     </span>
    </p>
   </div>
   <div class='ocr_carea' id='block_1_8' title="bbox 1029 367 1584 526">
    <p class='ocr_par' dir='ltr' id='par_1_11' title="bbox 1029 367 1584 526">
     <span class='ocr_line' id='line_1_33' title="bbox 1029 367 1583 412; baseline -0.002 0"><span class='ocrx_word' id='word_1_98' title='bbox 1029 369 1268 412; x_wconf 83' lang='lat' dir='ltr'><strong>ordinarunt</strong></span> <span class='ocrx_word' id='word_1_99' title='bbox 1289 370 1389 411; x_wconf 91' lang='lat' dir='ltr'><strong>DD.</strong></span> <span class='ocrx_word' id='word_1_100' title='bbox 1401 369 1449 410; x_wconf 81' lang='lat' dir='ltr'><strong>de</strong></span> <span class='ocrx_word' id='word_1_101' title='bbox 1466 367 1583 411; x_wconf 65' lang='lat' dir='ltr'><strong>Gen:</strong></span> 
     </span>
     <span class='ocr_line' id='line_1_34' title="bbox 1031 423 1584 479; baseline 0 -12"><span class='ocrx_word' id='word_1_102' title='bbox 1031 425 1213 479; x_wconf 75' lang='lat' dir='ltr'><strong>Pub-que</strong></span> <span class='ocrx_word' id='word_1_103' title='bbox 1238 454 1252 476; x_wconf 88' lang='lat'>‚</span> <span class='ocrx_word' id='word_1_104' title='bbox 1278 426 1461 468; x_wconf 67' lang='lat' dir='ltr'><strong>insecium</strong></span> <span class='ocrx_word' id='word_1_105' title='bbox 1502 423 1584 467; x_wconf 67' lang='lat' dir='ltr'><strong>hoo</strong></span> 
     </span>
     <span class='ocr_line' id='line_1_35' title="bbox 1035 480 1525 526; baseline -0.004 -2"><span class='ocrx_word' id='word_1_106' title='bbox 1035 481 1242 526; x_wconf 83' lang='lat' dir='ltr'><strong>exoticum</strong></span> <span class='ocrx_word' id='word_1_107' title='bbox 1256 492 1340 524; x_wconf 86' lang='lat' dir='ltr'><strong>non</strong></span> <span class='ocrx_word' id='word_1_108' title='bbox 1354 481 1452 525; x_wconf 78' lang='lat' dir='ltr'><strong>vidi.</strong></span> <span class='ocrx_word' id='word_1_109' title='bbox 1470 480 1525 523; x_wconf 84' lang='lat' dir='ltr'><strong>V.</strong></span> 
     </span>
    </p>
   </div>
   <div class='ocr_carea' id='block_1_9' title="bbox 1139 1143 1429 1189">
    <p class='ocr_par' dir='ltr' id='par_1_12' title="bbox 1139 1143 1429 1189">
     <span class='ocr_line' id='line_1_36' title="bbox 1139 1143 1429 1189; baseline -0.007 0"><span class='ocrx_word' id='word_1_110' title='bbox 1139 1143 1429 1189; x_wconf 79' lang='lat' dir='ltr'><strong>CYNIPS.</strong></span> 
     </span>
    </p>
   </div>
   <div class='ocr_carea' id='block_1_10' title="bbox 986 1252 1643 2410">
    <p class='ocr_par' dir='ltr' id='par_1_13' title="bbox 986 1252 1596 1360">
     <span class='ocr_line' id='line_1_37' title="bbox 986 1252 1596 1309; baseline -0.01 -10"><span class='ocrx_word' id='word_1_111' title='bbox 986 1257 1187 1300; x_wconf 78' lang='lat' dir='ltr'><strong>Antennae</strong></span> <span class='ocrx_word' id='word_1_112' title='bbox 1202 1255 1410 1296; x_wconf 86' lang='lat' dir='ltr'><strong>filiformes</strong></span> <span class='ocrx_word' id='word_1_113' title='bbox 1427 1283 1441 1305; x_wconf 88' lang='lat'>,</span> <span class='ocrx_word' id='word_1_114' title='bbox 1460 1252 1596 1309; x_wconf 79' lang='lat' dir='ltr'><strong>longae</strong></span> 
     </span>
     <span class='ocr_line' id='line_1_38' title="bbox 1043 1311 1420 1360; baseline -0.013 -7"><span class='ocrx_word' id='word_1_115' title='bbox 1043 1311 1220 1353; x_wconf 85' lang='lat' dir='ltr'><strong>articulis</strong></span> <span class='ocrx_word' id='word_1_116' title='bbox 1254 1321 1299 1360; x_wconf 83' lang='lat'><strong>13</strong></span> <span class='ocrx_word' id='word_1_117' title='bbox 1318 1339 1332 1358; x_wconf 84' lang='lat'><strong>‚</strong></span> <span class='ocrx_word' id='word_1_118' title='bbox 1354 1319 1420 1359; x_wconf 87' lang='lat'><strong>14.</strong></span> 
     </span>
    </p>

    <p class='ocr_par' dir='ltr' id='par_1_14' title="bbox 989 1362 1524 1415">
     <span class='ocr_line' id='line_1_39' title="bbox 989 1362 1524 1415; baseline -0.009 -8"><span class='ocrx_word' id='word_1_119' title='bbox 989 1367 1045 1406; x_wconf 83' lang='lat' dir='ltr'><strong>Os</strong></span> <span class='ocrx_word' id='word_1_120' title='bbox 1073 1368 1280 1405; x_wconf 85' lang='lat' dir='ltr'><strong>dentatum</strong></span> <span class='ocrx_word' id='word_1_121' title='bbox 1306 1389 1320 1408; x_wconf 92' lang='lat'><strong><em>,</em></strong></span> <span class='ocrx_word' id='word_1_122' title='bbox 1347 1362 1524 1415; x_wconf 86' lang='lat' dir='ltr'><strong>elingue.</strong></span> 
     </span>
    </p>

    <p class='ocr_par' dir='ltr' id='par_1_15' title="bbox 988 1415 1599 1626">
     <span class='ocr_line' id='line_1_40' title="bbox 988 1415 1594 1463; baseline -0.008 -2"><span class='ocrx_word' id='word_1_123' title='bbox 988 1421 1195 1462; x_wconf 77' lang='lat' dir='ltr'><strong>Abdomen</strong></span> <span class='ocrx_word' id='word_1_124' title='bbox 1223 1415 1413 1458; x_wconf 83' lang='lat' dir='ltr'><strong>subovale</strong></span> <span class='ocrx_word' id='word_1_125' title='bbox 1437 1443 1451 1463; x_wconf 88' lang='lat'>‚</span> <span class='ocrx_word' id='word_1_126' title='bbox 1474 1429 1594 1457; x_wconf 84' lang='lat' dir='ltr'><strong>com-</strong></span> 
     </span>
     <span class='ocr_line' id='line_1_41' title="bbox 1042 1471 1593 1529; baseline -0.009 -14"><span class='ocrx_word' id='word_1_127' title='bbox 1042 1472 1234 1529; x_wconf 73' lang='lat' dir='ltr'><strong>pressum,</strong></span> <span class='ocrx_word' id='word_1_128' title='bbox 1268 1471 1404 1512; x_wconf 85' lang='lat' dir='ltr'><strong>subtus</strong></span> <span class='ocrx_word' id='word_1_129' title='bbox 1431 1472 1593 1511; x_wconf 74' lang='lat' dir='ltr'><strong>carina-</strong></span> 
     </span>
     <span class='ocr_line' id='line_1_42' title="bbox 1043 1525 1599 1578; baseline -0.007 -7"><span class='ocrx_word' id='word_1_130' title='bbox 1043 1541 1128 1571; x_wconf 89' lang='lat' dir='ltr'><strong>tum</strong></span> <span class='ocrx_word' id='word_1_131' title='bbox 1153 1557 1167 1577; x_wconf 94' lang='lat'>,</span> <span class='ocrx_word' id='word_1_132' title='bbox 1199 1527 1380 1569; x_wconf 87' lang='lat' dir='ltr'><strong>breviter</strong></span> <span class='ocrx_word' id='word_1_133' title='bbox 1416 1525 1599 1578; x_wconf 71' lang='lat' dir='ltr'><strong>petiola-,</strong></span> 
     </span>
     <span class='ocr_line' id='line_1_43' title="bbox 1044 1595 1145 1626; baseline -0.01 0"><span class='ocrx_word' id='word_1_134' title='bbox 1044 1595 1145 1626; x_wconf 86' lang='lat' dir='ltr'><strong>tum.</strong></span> 
     </span>
    </p>

    <p class='ocr_par' dir='ltr' id='par_1_16' title="bbox 991 1637 1643 1792">
     <span class='ocr_line' id='line_1_44' title="bbox 991 1637 1596 1692; baseline -0.01 -11"><span class='ocrx_word' id='word_1_135' title='bbox 991 1641 1168 1682; x_wconf 86' lang='lat' dir='ltr'><strong>Aculeus</strong></span> <span class='ocrx_word' id='word_1_136' title='bbox 1199 1637 1350 1692; x_wconf 85' lang='lat' dir='ltr'><strong>spiralis</strong></span> <span class='ocrx_word' id='word_1_137' title='bbox 1375 1637 1483 1677; x_wconf 86' lang='lat' dir='ltr'><strong>intra</strong></span> <span class='ocrx_word' id='word_1_138' title='bbox 1516 1647 1596 1676; x_wconf 81' lang='lat' dir='ltr'><strong>va-</strong></span> 
     </span>
     <span class='ocr_line' id='line_1_45' title="bbox 1047 1692 1597 1751; baseline -0.009 -15"><span class='ocrx_word' id='word_1_139' title='bbox 1047 1697 1182 1751; x_wconf 82' lang='lat' dir='ltr'><strong>ginam</strong></span> <span class='ocrx_word' id='word_1_140' title='bbox 1211 1692 1412 1735; x_wconf 74' lang='lat' dir='ltr'><strong>b1valvem</strong></span> <span class='ocrx_word' id='word_1_141' title='bbox 1439 1702 1597 1732; x_wconf 86' lang='lat' dir='ltr'><strong>recon-</strong></span> 
     </span>
     <span class='ocr_line' id='line_1_46' title="bbox 1048 1746 1643 1792; baseline -0.024 0"><span class='ocrx_word' id='word_1_142' title='bbox 1048 1753 1169 1792; x_wconf 80' lang='lat' dir='ltr'><strong>ditus.</strong></span> <span class='ocrx_word' id='word_1_143' title='bbox 1640 1746 1643 1753; x_wconf 91' lang='grc'><strong>“</strong></span> 
     </span>
    </p>

    <p class='ocr_par' dir='ltr' id='par_1_17' title="bbox 992 1803 1372 1859">
     <span class='ocr_line' id='line_1_47' title="bbox 992 1803 1372 1859; baseline -0.013 -11"><span class='ocrx_word' id='word_1_144' title='bbox 992 1807 1136 1847; x_wconf 77' lang='lat' dir='ltr'><em>Larvoe</em></span> <span class='ocrx_word' id='word_1_145' title='bbox 1166 1803 1372 1859; x_wconf 84' lang='lat' dir='ltr'><strong>gallarum.</strong></span> 
     </span>
    </p>

    <p class='ocr_par' dir='ltr' id='par_1_18' title="bbox 994 1854 1602 2124">
     <span class='ocr_line' id='line_1_48' title="bbox 994 1854 1602 1915; baseline -0.016 -11"><span class='ocrx_word' id='word_1_146' title='bbox 994 1863 1133 1915; x_wconf 85' lang='lat' dir='ltr'><strong>Cinips</strong></span> <span class='ocrx_word' id='word_1_147' title='bbox 1202 1855 1473 1912; x_wconf 87' lang='lat' dir='ltr'><strong>eulophusque</strong></span> <span class='ocrx_word' id='word_1_148' title='bbox 1538 1854 1602 1895; x_wconf 88' lang='lat' dir='ltr'><strong>D.</strong></span> 
     </span>
     <span class='ocr_line' id='line_1_49' title="bbox 1053 1910 1600 1970; baseline -0.013 -14"><span class='ocrx_word' id='word_1_149' title='bbox 1053 1914 1178 1970; x_wconf 82' lang='lat' dir='ltr'><strong>Geoffi</strong></span> <span class='ocrx_word' id='word_1_150' title='bbox 1205 1915 1294 1955; x_wconf 88' lang='lat' dir='ltr'><strong>veri</strong></span> <span class='ocrx_word' id='word_1_151' title='bbox 1317 1912 1406 1953; x_wconf 87' lang='lat' dir='ltr'><strong>sunt</strong></span> <span class='ocrx_word' id='word_1_152' title='bbox 1427 1910 1600 1952; x_wconf 86' lang='lat' dir='ltr'><strong>ichneu-</strong></span> 
     </span>
     <span class='ocr_line' id='line_1_50' title="bbox 1049 1965 1602 2019; baseline -0.014 -6"><span class='ocrx_word' id='word_1_153' title='bbox 1049 1984 1190 2013; x_wconf 88' lang='lat' dir='ltr'><strong>mones</strong></span> <span class='ocrx_word' id='word_1_154' title='bbox 1207 2000 1221 2019; x_wconf 91' lang='lat'>,</span> <span class='ocrx_word' id='word_1_155' title='bbox 1248 1969 1344 2009; x_wconf 91' lang='lat' dir='ltr'><strong>licet</strong></span> <span class='ocrx_word' id='word_1_156' title='bbox 1362 1968 1411 2008; x_wconf 88' lang='lat' dir='ltr'><strong>ab</strong></span> <span class='ocrx_word' id='word_1_157' title='bbox 1428 1965 1602 2008; x_wconf 81' lang='lat' dir='ltr'><strong>ichneu-</strong></span> 
     </span>
     <span class='ocr_line' id='line_1_51' title="bbox 1053 2019 1602 2068; baseline -0.015 0"><span class='ocrx_word' id='word_1_158' title='bbox 1053 2026 1239 2068; x_wconf 86' lang='lat' dir='ltr'><strong>monibus</strong></span> <span class='ocrx_word' id='word_1_159' title='bbox 1270 2023 1455 2065; x_wconf 87' lang='lat' dir='ltr'><strong>antennis</strong></span> <span class='ocrx_word' id='word_1_160' title='bbox 1481 2019 1602 2061; x_wconf 80' lang='lat' dir='ltr'><strong>diffe-</strong></span> 
     </span>
     <span class='ocr_line' id='line_1_52' title="bbox 1056 2092 1162 2124; baseline -0.019 0"><span class='ocrx_word' id='word_1_161' title='bbox 1056 2092 1162 2124; x_wconf 78' lang='lat' dir='ltr'><strong>rant.</strong></span> 
     </span>
    </p>

    <p class='ocr_par' dir='ltr' id='par_1_19' title="bbox 1002 2139 1606 2410">
     <span class='ocr_line' id='line_1_53' title="bbox 1002 2139 1604 2190; baseline -0.018 -10"><span class='ocrx_word' id='word_1_162' title='bbox 1002 2139 1093 2190; x_wconf 84' lang='lat' dir='ltr'><strong>Obs.</strong></span> <span class='ocrx_word' id='word_1_163' title='bbox 1132 2140 1241 2177; x_wconf 63' lang='lat' dir='ltr'><strong>‘Non</strong></span> <span class='ocrx_word' id='word_1_164' title='bbox 1284 2145 1423 2175; x_wconf 86' lang='lat' dir='ltr'><strong>omnes</strong></span> <span class='ocrx_word' id='word_1_165' title='bbox 1469 2140 1604 2171; x_wconf 88' lang='lat' dir='ltr'><strong>tamen</strong></span> 
     </span>
     <span class='ocr_line' id='line_1_54' title="bbox 1053 2188 1602 2249; baseline -0.022 -13"><span class='ocrx_word' id='word_1_166' title='bbox 1053 2194 1223 2249; x_wconf 86' lang='lat' dir='ltr'><strong>cynipes</strong></span> <span class='ocrx_word' id='word_1_167' title='bbox 1252 2190 1369 2242; x_wconf 71' lang='lat' dir='ltr'><strong>hujus</strong></span> <span class='ocrx_word' id='word_1_168' title='bbox 1399 2188 1602 2226; x_wconf 63' lang='lat' dir='ltr'><strong>Entomo-</strong></span> 
     </span>
     <span class='ocr_line' id='line_1_55' title="bbox 1054 2242 1606 2303; baseline -0.022 -12"><span class='ocrx_word' id='word_1_169' title='bbox 1054 2249 1140 2303; x_wconf 83' lang='lat' dir='ltr'><strong>logi</strong></span> <span class='ocrx_word' id='word_1_170' title='bbox 1202 2247 1252 2286; x_wconf 84' lang='lat' dir='ltr'><strong>ad</strong></span> <span class='ocrx_word' id='word_1_171' title='bbox 1315 2242 1606 2284; x_wconf 75' lang='lat' dir='ltr'><strong>ichneumones</strong></span> 
     </span>
     <span class='ocr_line' id='line_1_56' title="bbox 1055 2302 1606 2349; baseline -0.022 -4"><span class='ocrx_word' id='word_1_172' title='bbox 1055 2302 1275 2346; x_wconf 85' lang='lat' dir='ltr'><strong>retulendae</strong></span> <span class='ocrx_word' id='word_1_173' title='bbox 1295 2327 1308 2349; x_wconf 89' lang='lat'><strong>‚</strong></span> <span class='ocrx_word' id='word_1_174' title='bbox 1335 2306 1380 2337; x_wconf 87' lang='lat' dir='ltr'><strong>ut</strong></span> <span class='ocrx_word' id='word_1_175' title='bbox 1415 2305 1526 2349; x_wconf 83' lang='lat' dir='ltr'><strong>patet</strong></span> <span class='ocrx_word' id='word_1_176' title='bbox 1555 2304 1606 2334; x_wconf 80' lang='lat' dir='ltr'><strong>ex</strong></span> 
     </span>
     <span class='ocr_line' id='line_1_57' title="bbox 1055 2349 1606 2410; baseline -0.016 -10"><span class='ocrx_word' id='word_1_177' title='bbox 1055 2359 1078 2400; x_wconf 84' lang='lat' dir='ltr'>s</span> <span class='ocrx_word' id='word_1_178' title='bbox 1092 2356 1294 2410; x_wconf 73' lang='lat' dir='ltr'><strong>⁷nonymia</strong></span> <span class='ocrx_word' id='word_1_179' title='bbox 1338 2351 1440 2391; x_wconf 80' lang='grc' dir='ltr'><em>ΠΙ).</em></span> <span class='ocrx_word' id='word_1_180' title='bbox 1485 2349 1606 2391; x_wconf 75' lang='lat' dir='ltr'><strong>Lina.</strong></span> 
     </span>
    </p>
   </div>
   <div class='ocr_carea' id='block_1_11' title="bbox 1093 2410 1609 2514">
    <p class='ocr_par' dir='ltr' id='par_1_20' title="bbox 1093 2410 1609 2514">
     <span class='ocr_line' id='line_1_58' title="bbox 1093 2410 1332 2467; baseline -0.029 -12"><span class='ocrx_word' id='word_1_181' title='bbox 1093 2414 1140 2455; x_wconf 76' lang='lat' dir='ltr'><strong>ab</strong></span> <span class='ocrx_word' id='word_1_182' title='bbox 1149 2424 1252 2467; x_wconf 63' lang='lat' dir='ltr'><strong>que.</strong></span> <span class='ocrx_word' id='word_1_183' title='bbox 1278 2410 1332 2451; x_wconf 85' lang='lat' dir='ltr'><strong>V.</strong></span> 
     </span>
     <span class='ocr_line' id='line_1_59' title="bbox 1310 2457 1609 2514; baseline -0.01 -8"><span class='ocrx_word' id='word_1_184' title='bbox 1310 2462 1367 2506; x_wconf 84' lang='lat' dir='ltr'><strong>D.</strong></span> <span class='ocrx_word' id='word_1_185' title='bbox 1399 2457 1609 2514; x_wconf 63' lang='lat' dir='ltr'><strong>Geoffioyf,</strong></span> 
     </span>
    </p>
   </div>
  </div>
 </body>
</html>
