1737 2804
322 160 566 204 lunera
593 159 1014 209 NEQROPTERA.
1035 154 1315 196 Hemerobius.
1376 163 1423 206 55

597 267 664 308 Ex
693 277 836 308 entem.
867 279 979 306 carn.

185 379 386 422 Fulvice-
415 389 484 422 ⁰20.
515 381 568 421 H.
601 379 619 429 (
641 377 678 420 le
695 374 994 430 fulvicephale)
1015 373 1087 414 alis
1109 372 1282 427 hyalinis
1299 405 1311 424 ,
1335 388 1427 416 ma·-

223 433 380 489 phalus.
548 433 649 474 culis
701 430 979 487 marginalibus
1028 429 1260 482 venulisque
1313 429 1429 470 fuscis

548 488 772 528 reticulatis
798 517 810 534 ,
868 486 997 539 capite
1050 483 1164 524 fulvo
1189 514 1202 534 ‚
1256 497 1429 537 corpore

549 543 787 597 nigricante.
818 553 850 582 t.
873 550 914 594 7.
936 540 976 593 f.
998 548 1039 593 7.

494 598 595 639 Hah.
631 599 669 637 in
706 601 878 650 Europa.
920 598 964 635 In
1002 593 1130 634 Gallia
1155 592 1271 635 Aust.
1307 606 1433 648 prope

555 653 796 694 Nemausum
823 660 976 703 captus.
1006 652 1058 691 V.

496 708 613 757 Dese.
640 711 749 748 Inter
772 707 942 758 majores
971 705 1250 745 numerandus.
1293 702 1432 743 Facies

551 763 834 817 myrmeleonis
855 761 1140 814 formicarum,
1163 759 1230 798 sed
1246 767 1432 798 anteuuae

551 831 634 858 non
673 817 872 865 clavatae,
924 824 1099 855 attamen
1142 815 1298 854 breves.
1340 813 1435 852 Alae

552 873 662 913 fusco
696 871 902 912 maculatae
941 871 982 909 in
1010 879 1124 923 parte
1161 869 1296 911 antica
1326 881 1437 908 mar-

554 928 659 980 ginis
689 926 909 966 interioris.
935 927 990 966 V.

231 1054 398 1095 Flavus.
427 1061 496 1092 21.
527 1052 578 1090 H.
610 1053 628 1102 (
653 1049 691 1090 le
721 1049 878 1101 jaune)
906 1047 1063 1098 flavus,
1086 1048 1214 1089 oculis
1240 1050 1379 1102 nigris,

487 1105 590 1145 Hab.
622 1106 662 1144 in
685 1108 858 1157 Europa.
888 1106 1017 1156 Prope
1041 1104 1275 1157 Lugdunum
1293 1133 1306 1153 ,
1327 1105 1435 1144 circa

553 1173 674 1213 aquas
699 1159 847 1201 volitat
875 1160 1003 1212 primo
1030 1172 1139 1199 vere.
1164 1159 1217 1198 V.

495 1215 611 1266 Desc.
640 1215 840 1254 Antennae
873 1227 1031 1267 quoque
1059 1213 1188 1253 flavae.
1235 1211 1434 1252 Abdomerz

553 1271 756 1311 muricum.
793 1269 886 1308 Alae
912 1268 1086 1318 hyalinae
1118 1268 1248 1319 albae,
1279 1268 1437 1309 venulis

551 1325 697 1380 pallide
722 1324 1026 1366 virescentibus.

679 1448 745 1490 Ex
778 1449 919 1492 Enum.

167 1560 384 1615 Aphidioi-
419 1571 486 1602 22.
517 1562 568 1602 H.
601 1561 618 1610 (
643 1559 933 1613 l'aphidio'ide)
958 1560 1074 1614 niger
1092 1590 1103 1608 ‚
1137 1559 1208 1600 alis
1235 1558 1433 1613 hyalini5‚

196 1619 281 1659 des.
547 1616 665 1710 ιέἰὲῗῑο
716 1615 938 1655 reticulatis
969 1645 982 1666 ‚
1028 1614 1180 1655 macula
1226 1614 1435 1669 marginali

573 1684 596 1709 u
616 1683 673 1710 ca.

502 1725 628 1766 Faun.
657 1724 788 1765 Fridr.
823 1740 864 1766 n.
887 1724 975 1775 580.

502 1781 602 1821 Hab.
629 1782 668 1819 in
696 1783 868 1832 Europa.
898 1784 941 1820 ln
965 1780 1092 1820 Gallia
1122 1779 1232 1819 Aust.
1258 1782 1310 1820 V.

503 1835 618 1884 Dqfh.
643 1838 703 1874 Ita
720 1835 852 1887 aphidi
873 1835 988 1875 alatae
1010 1835 1137 1874 similis
1153 1865 1165 1883 ,
1194 1835 1251 1873 uti
1276 1846 1350 1886 pro
1366 1832 1438 1873 tali

474 1937 477 1939 ¹
556 1889 751 1929 habeatur
777 1889 825 1928 ab
860 1892 968 1929 omni
1007 1890 1073 1942 qui
1106 1902 1150 1929 os
1186 1889 1308 1941 palpis
1351 1888 1436 1927 ins-

555 1945 724 1984 trut‘lum
774 1956 857 1983 non
894 1946 1087 1984 intuetur.
1127 1941 1252 1982 Totus
1282 1945 1396 1996 niger
1419 1973 1434 1992 ‚

554 2000 674 2039 etiam
707 2000 924 2050 antennis,
968 2012 1064 2053 quas
1100 1998 1286 2052 aphidum
1322 2010 1434 2038 more

557 2062 712 2107 portat.

617 2180 655 2218 E
656 2196 682 2220 a:
710 2179 835 2222 Faun.
866 2180 994 2223 Fridr.

172 2290 416 2334 nemoralis.
431 2301 499 2346 23.
531 2292 581 2330 H.
614 2289 689 2341 (le
730 2289 944 2345 sauvage)
986 2290 1056 2331 alis
1097 2289 1271 2344 hyalinis
1315 2290 1441 2332 aeneis

558 2345 740 2393 venofis‚
768 2346 1003 2398 primoribus
1031 2347 1149 2400 nigro
1173 2347 1383 2399 punstatis.

509 2398 612 2442 Hah.
638 2401 678 2441 in
702 2402 870 2456 Europae
898 2401 1155 2443 Nemoribus.

1114 2456 1226 2498 Div
