1737 2804
323 118 380 174 76

488 120 733 161 INSECTA
764 122 1225 166 HYMENOPTERA.
1252 124 1423 179 Cynips.‘

657 230 782 285 Geoffi
823 232 892 280 infi
913 234 1038 283 paris:
1071 251 1113 286 p.
1143 244 1238 289 297.
1276 250 1315 275 n.
1340 246 1379 289 3.

657 286 759 327 Hah.
789 287 828 325 in
858 286 960 326 rubo
993 290 1120 330 caefio.

657 340 751 391 Obs.
778 342 818 380 in
851 341 1025 383 caulibus
1046 346 1134 388 rubi
1157 345 1257 385 Caesli
1293 343 1455 395 ejusque
1471 343 1592 383 ramis

703 397 846 435 tubera
890 397 1105 450 gignuntur
1148 401 1393 451 flrumaeque.
1436 400 1587 437 Harum

706 450 937 490 strumarum
981 454 1194 505 quasdam,
1249 469 1368 507 quum
1411 463 1597 505 tempore

703 518 836 544 verno
887 507 1143 558 adperuiffem
1177 540 1190 559 ,
1242 510 1392 550 larvam
1448 507 1593 547 inveni

700 558 874 610 flavam,
903 561 988 613 ejus
1017 564 1133 615 plane
1156 565 1304 605 coloris
1325 595 1337 613 ‚
1364 576 1480 615 quem
1515 562 1590 602 ovi

702 614 889 654 vitellum
931 617 1064 658 habet.
1107 619 1221 659 Oculi
1266 619 1451 659 aurantii.
1501 616 1597 656 Alae

703 670 891 710 nonnihil
931 674 1268 724 protuberantes,
1307 688 1383 713 nec
1408 674 1494 720 ita,
1534 671 1596 711 uti

706 724 749 763 in
791 726 1090 778 papilionibus,
1133 728 1407 781 agglutinatae.
1452 726 1596 766 Aculefi

701 781 849 833 vagina
882 783 931 820 ad
963 781 1119 822 dorsum
1153 783 1314 823 reflexa.
1350 783 1454 822 Hinc
1490 794 1594 834 pro-

701 834 775 873 diit
828 835 1014 876 infestum
1061 838 1123 877 M.
1172 837 1326 890 Majo,
1384 838 1598 889 punnato-

701 888 1007 931 sericeo-viridi
1044 901 1225 931 auratum
1244 922 1255 940 ‚
1302 892 1386 932 seta
1413 892 1478 931 ani
1505 891 1595 931 bre-

699 945 852 995 viere,
896 959 1013 998 quam
1045 960 1190 1000 corpus
1216 947 1277 989 fit.

318 1052 651 1108 Phragmitis.21.
682 1055 732 1096 C.
763 1056 872 1107 (des
902 1056 1073 1097 roseaux
1099 1058 1116 1107 )
1149 1057 1294 1110 nigra,
1331 1064 1599 1097 antennarum

698 1110 778 1150 hafi
828 1111 1071 1164 pedibusque
1123 1111 1303 1151 testaceis
1328 1142 1340 1160 ,
1384 1111 1603 1150 abdomine

700 1165 895 1219 elongato
936 1168 977 1205 in
1012 1168 1175 1206 caudam
1208 1167 1434 1219 porrectam
1461 1165 1598 1204 latam.

641 1219 744 1261 Hah.
788 1222 828 1259 in
871 1223 1062 1274 Europa,
1106 1223 1147 1260 in
1192 1221 1452 1260 arundinibus
1502 1219 1599 1258 anni

694 1276 854 1328 prioris.
874 1279 918 1315 In
940 1276 1076 1316 insulis
1096 1275 1429 1316 Rhodanenfibus
1468 1286 1601 1327 prope

700 1331 959 1384 Lugdunum.
987 1333 1041 1372 V.

642 1384 758 1435 Desc.
788 1385 916 1425 Color
934 1386 1064 1439 niger.
1098 1356 1223 1435 Azae,
1251 1386 1368 1426 venis
1396 1384 1599 1438 percepti-

702 1439 848 1481 bilibus
905 1441 1055 1489 nullis,
1106 1440 1385 1481 incumbentes
1413 1470 1426 1489 ,
1479 1453 1527 1479 ac
1570 1439 1600 1478 fi

699 1496 818 1535 unica
859 1494 970 1536 effer.
1008 1495 1213 1534 Antennae
1245 1497 1396 1549 nigrae,
1424 1493 1603 1534 articulo-

697 1559 838 1590 tamen
889 1552 1019 1603 primo
1055 1551 1277 1604 longiffimo
1308 1550 1482 1590 testaceo
1527 1563 1600 1601 pe-

699 1604 891 1656 dibusque
937 1605 1134 1645 testaceis.
1183 1606 1392 1645 Abdomen
1449 1604 1600 1657 postice

699 1668 932 1699 attenuatur
970 1661 1012 1700 in
1060 1662 1254 1710 caudam,
1298 1660 1412 1712 supra
1458 1660 1598 1712 cylin-

695 1716 1045 1763 drico—teretem‚
1083 1715 1219 1755 subtus
1260 1714 1446 1767 planam,
1481 1714 1595 1766 apice

697 1769 846 1817 leviter
899 1769 1108 1810 deflexam.
1165 1771 1205 1810 Si
1254 1770 1447 1808 adcurate
1509 1768 1602 1808 haec·

698 1826 826 1863 cauda
850 1824 1108 1877 inspiciatur,
1135 1822 1256 1866 semel
1283 1822 1497 1868 articulata
1518 1821 1598 1864 effe

695 1878 874 1920 videtur.

771 1990 838 2030 Ex
865 1988 975 2029 Faun
984 2019 994 2032 .
1023 1990 1154 2032 Fridr.

381 2099 550 2146 Viridis.
582 2111 650 2144 22..
682 2101 731 2141 C.
766 2103 783 2151 (
811 2101 849 2142 le
876 2102 1009 2151 verd)
1039 2102 1224 2141 antennis
1247 2101 1413 2142 clavatis
1440 2099 1594 2155 nigris,

703 2158 866 2210 capite,
929 2155 1128 2206 thorace,
1186 2157 1397 2197 abdomine
1450 2169 1594 2196 aeneo-

701 2211 897 2252 viridibus
921 2241 934 2260 ‚
981 2211 1111 2251 oculis
1161 2213 1289 2252 rubris
1312 2242 1325 2262 ‚
1376 2210 1596 2251 femoribus

703 2267 846 2321 nigris.

645 2323 747 2364 Hah.
790 2323 830 2362 in
873 2321 988 2376 gallis
1029 2321 1176 2366 lanatis
1230 2321 1400 2376 foliique
1453 2319 1591 2375 plicati

702 2391 887 2433 quercus.
