1737 2804
325 175 574 224 tusis-cu
607 174 1023 224 NEUROPTERA.
1048 182 1326 225 Hemerobius.
1389 191 1434 233 xx

554 289 685 340 albae,
725 293 843 334 venis
878 291 995 334 fuscis
1035 292 1208 346 striatae;
1235 295 1351 335 venis
1378 293 1442 334 his

554 346 626 386 vix
659 348 1152 398 reticulato-connexis,
1205 349 1273 389 nisi
1317 349 1444 390 solum

548 400 591 439 in
618 400 689 440 alis
722 401 1015 450 exterioribus,
1043 403 1194 444 duabus
1220 414 1288 444 aut
1317 405 1443 445 tribus

550 456 720 509 margini
777 458 961 499 interiori
1014 459 1271 512 propioribus
1301 473 1311 509 3
1361 461 1443 498 duo

550 511 776 553 exteriores
814 513 930 554 nervi
964 511 1032 553 seu
1063 515 1233 559 extimus
1265 515 1336 554 vix
1359 526 1445 553 uno

552 565 595 605 in
635 565 729 606 loco
775 568 1057 618 connectitur3
1103 578 1144 608 at
1189 569 1261 609 alae
1307 581 1449 608 omnes

555 629 761 672 quatuor,
806 624 856 663 ad
903 623 1120 677 marginem
1166 624 1408 664 exteriorem
1434 653 1448 672 ‚

553 675 691 715 versus
719 678 871 730 apicem
895 708 908 727 ,
941 677 1048 718 linea
1082 677 1189 718 fusca
1229 681 1334 718 inter
1366 680 1448 717 duo

557 732 762 771 exteriora
807 731 899 772 vasa
954 742 1162 773 notantur.
1213 732 1364 784 Corpus
1413 734 1452 774 &

543 785 664 835 pedes
706 787 834 840 nigra.
867 786 1073 826 Abdomen
1114 787 1251 828 subtus
1289 798 1452 838 atrum3

551 838 663 891 juxta
693 853 809 881 anum
832 843 919 881 cluae
939 843 1180 894 appendices
1200 843 1450 883 breviffimae.

553 894 757 934 Antennae
792 898 943 949 nigrae,
975 895 1226 944 setiformes‚
1261 897 1451 951 longitu-

554 949 646 988 dine
686 951 885 1001 corporis.
937 948 1101 989 leorax
1141 952 1407 1004 planiusculus
1436 980 1450 1002 ‚

555 1002 688 1041 medio
716 1015 939 1042 convexus,
974 1003 1103 1043 Faun.
1130 1014 1252 1058 1513.

506 1052 599 1104 obs.
637 1057 698 1095 Ex
723 1055 963 1109 synonymia
990 1055 1047 1097 D.
1077 1057 1190 1097 Lina.
1210 1062 1247 1100 ὅ(
1265 1059 1329 1099 De
1347 1062 1449 1101 Geer

555 1109 812 1151 hemerobius
856 1112 1023 1151 lutatius
1056 1113 1152 1164 syst.
1186 1115 1235 1154 ad
1267 1116 1352 1154 tab.
1384 1126 1451 1168 13.

555 1175 691 1217 aquat.
730 1165 888 1216 Rex-felii
926 1165 1116 1207 refertur.
1144 1168 1296 1209 Clariis.
1333 1169 1452 1211 Lirin.

554 1218 713 1273 Sclzaeffi
744 1222 856 1261 elem.
895 1232 927 1260 t.
951 1230 1020 1274 97.
1060 1222 1242 1263 indicat:
1273 1227 1453 1265 eamdem

551 1274 727 1315 tabulam
766 1277 805 1317 &
841 1277 924 1317 tab.
969 1277 1176 1330 incom37.
1212 1282 1254 1332 f.
1284 1288 1340 1331 9,
1386 1290 1453 1320 10.

557 1329 750 1370 reclamat
779 1330 838 1372 D.
859 1331 958 1372 Fab.
992 1332 1207 1385 &insuper
1244 1333 1301 1374 D.
1327 1333 1452 1387 Geoffi

555 1384 834 1426 hemerobium
865 1386 1043 1427 tertium.
1081 1388 1232 1428 Omnes
1263 1401 1346 1428 non
1376 1390 1455 1442 igi-

556 1448 623 1480 tur
653 1440 694 1480 hi
730 1441 933 1483 doctiffirm'
955 1443 1217 1497 Entomoiogi
1245 1457 1327 1483 non
1351 1457 1454 1484 con—

557 1496 744 1536 cordant.

504 1549 562 1589 1⁰.
596 1550 748 1590 Phrasis
774 1550 918 1593 clariss.
950 1551 1065 1592 Linn.
1093 1554 1370 1604 emendanda,
1405 1563 1455 1594 ut

556 1606 708 1658 optime
740 1607 956 1647 annotavit
986 1607 1044 1647 D.
1077 1609 1123 1646 de
1162 1607 1278 1648 Geer.

499 1659 561 1700 2⁰.
591 1662 681 1701 Hoc
711 1661 898 1702 infestum
924 1675 1008 1702 non
1048 1664 1097 1702 ad
1137 1662 1293 1717 Schaeffi
1334 1664 1448 1704 elem.

554 1725 587 1756 t.
617 1725 672 1768 97
688 1732 704 1766 *,
733 1716 799 1757 sed
825 1718 876 1757 ad
905 1719 1008 1757 icon.
1041 1729 1072 1758 t.
1108 1727 1173 1771 37.
1195 1719 1236 1770 f.
1257 1728 1297 1770 9.
1326 1719 1363 1758 ὅτ
1398 1729 1449 1756 10

554 1769 835 1820 referendum,
872 1771 967 1813 lieet
999 1771 1104 1813 hanc
1131 1773 1214 1813 tab.
1241 1785 1325 1814 non
1352 1772 1449 1814 indi-

556 1829 715 1865 caverit
746 1826 802 1866 D.
835 1827 881 1866 de
909 1826 1024 1866 Geer.

504 1880 566 1932 3⁰.
598 1882 642 1919 In
668 1880 908 1935 synonymia
953 1881 1010 1920 D.
1046 1879 1143 1920 Fab.
1185 1880 1356 1922 delenda
1393 1881 1448 1923 est

563 1934 770 1988 D»<-Geoffi
802 1937 959 1978 citatio.

501 1988 614 2043 Obfi(
637 1992 766 2031 Lente
807 1991 984 2038 volitat,
1023 1989 1291 2032 stemmatibus
1332 2001 1447 2035 caret

402 2096 424 2105 x
556 2043 805 2099 thoraceque
838 2046 988 2101 duplici
1014 2047 1177 2100 gaudet.
1202 2049 1254 2089 V.
1304 2049 1306 2051 ’

170 2153 389 2198 Pedicula-
423 2164 488 2196 11.
520 2157 572 2195 H.
606 2154 680 2206 (le
700 2154 977 2208 pe'dicuiaire)
998 2155 1202 2198 virescens
1221 2186 1235 2208 ‚
1260 2157 1447 2199 antennis

201 2213 297 2252 rius.
558 2211 843 2251 mediocribus.
866 2213 887 2231 *⁵
974 2206 986 2217 ⁹

500 2266 602 2307 Hah.
635 2266 675 2304 in
693 2269 879 2319 Europa.

220 2302 282 2357 Q
503 2322 621 2372 Desb.
655 2321 731 2361 Hic
757 2323 814 2361 ita
853 2320 1001 2361 tex-miti
1029 2321 1248 2376 pulsatorio
1286 2323 1415 2363 similis
1441 2348 1456 2368 2

555 2386 628 2425 ut,
655 2378 799 2417 demtis
826 2374 922 2426 alis,
956 2378 1027 2417 vix
1060 2376 1215 2418 differat
1244 2377 1368 2424 facie,
1401 2391 1453 2417 an

560 2431 654 2473 sexu
679 2430 798 2472 solut
840 2431 1040 2472 Antennae
1084 2435 1271 2485 corporis
1315 2434 1456 2487 longi?

1129 2489 1169 2526 D
1198 2488 1227 2540 ij
