1737 2804
284 155 521 200 instem
548 147 1000 188 armenorum.
1027 132 1204 176 Mutina.
1287 137 1366 184 343

432 255 437 261 ’
496 257 641 314 punem
683 253 866 306 faciisque
905 247 1053 290 duabus
1092 238 1373 297 approximatis

500 314 612 354 albis.
650 310 824 359 Mantiffi
851 305 943 347 ibid.

447 369 548 411 Hah.
575 366 921 407 Halae-Saxonum.
955 357 1008 398 D.
1031 355 1199 408 Hybner.

448 425 565 475 Dese.
613 424 754 461 Parva.
790 417 920 468 Caput
954 414 1142 466 nigrum,
1192 401 1378 445 antennis

500 478 609 519 rufis.
632 475 789 516 Thorax
821 470 955 519 rufus,
982 463 1267 508 immacuiatus.
1286 456 1379 516 Ab·

507 536 642 574 domen
686 540 841 577 atrum,
872 525 1014 580 punfio
1053 529 1196 575 magno
1239 514 1381 553 baieos

507 587 711 638 fasciisque
757 583 907 623 duabus
948 578 1064 620 valde
1099 566 1381 627 approximatis

504 644 615 684 albis.
641 641 764 681 Pedes
794 635 882 678 rufi.

595 753 660 792 Ex
695 752 786 801 nost.
815 745 917 796 Mts.

149 875 386 928 Argentata.
415 866 454 909 8.
484 866 549 905 M.
581 866 600 915 (
624 857 841 915 l’argentee
866 857 884 905 )
922 854 1036 908 nigra
1055 878 1068 897 ,
1104 847 1270 888 thorace
1296 856 1388 883 me-

450 971 452 973 ,
510 920 657 970 dioque
685 912 903 955 abdominis
925 909 1012 961 pilis
1039 902 1251 958 argenteis.
1292 912 1322 961 t.
1347 897 1389 938 80

458 975 625 1071 miz-{Z
657 1026 829 1073 Europa.
879 1021 925 1058 In
961 1014 1091 1055 Gallia
1129 1010 1240 1051 Aust.
1285 1009 1394 1049 circa

511 1077 765 1122 Nemausum.
1005 1085 1012 1092 ·
1047 1096 1052 1099 -

457 1137 574 1186 Dese.
638 1134 746 1170 Inter
807 1125 995 1165 maximas
1055 1121 1172 1173 hujus
1235 1115 1396 1171 generis

512 1187 609 1228 mihi
636 1183 816 1238 cognitas
852 1187 995 1220 certat.
1028 1177 1188 1215 Thorax
1215 1171 1362 1224 pilosus
1381 1199 1395 1220 ,

513 1240 666 1283 vellere
695 1244 918 1291 argenteo,
964 1231 1026 1271 uti
1076 1227 1295 1269 abdominis
1322 1239 1399 1276 pe-

512 1296 648 1337 riolas.
690 1294 944 1346 Segmentum
978 1285 1189 1326 secundum
1235 1290 1399 1326 atrum,

516 1351 695 1404 margine
765 1344 984 1399 posteriore
1048 1339 1136 1393 pilis
1197 1334 1401 1390 argenteis

517 1407 678 1453 cin&o;
719 1401 837 1442 fascia
877 1399 916 1438 in
961 1397 1092 1437 medio
1132 1390 1317 1447 protensa
1358 1389 1402 1427 in

519 1460 730 1515 nigredine
758 1453 980 1509 pediculum
1000 1459 1232 1505 argenteum
1259 1444 1368 1498 ejicit
1388 1458 1405 1492 ;

521 1517 625 1555 idem
662 1512 912 1565 vsegmentum
961 1508 1002 1546 in
1054 1513 1166 1558 parte
1208 1498 1405 1541 anteriori

520 1567 716 1624 pilosum3
749 1566 841 1605 inde
877 1561 1050 1613 exsurgit
1079 1558 1197 1600 fascia
1225 1556 1306 1595 lata
1339 1567 1406 1594 ar-

523 1634 683 1680 gentea.
724 1620 843 1660 Anus
877 1617 1051 1659 inermis.

251 1741 389 1785 Calva.
422 1749 460 1794 9.
491 1737 554 1776 Μ.
587 1733 666 1786 (la
694 1729 888 1779 chauve)
935 1724 1110 1779 occipite
1158 1721 1408 1772 thoraceque

524 1790 668 1830 rubris.
696 1800 728 1827 τ.
751 1785 789 1825 8.
813 1785 855 1837 f.
885 1792 950 1837 34.

472 1846 572 1887 Hah.
608 1845 648 1884 in
683 1845 856 1892 Europa.
884 1840 1015 1889 Prope
1039 1831 1247 1873 Maffiliam
1280 1837 1410 1882 capta.

475 1901 592 1951 Defi.
625 1896 763 1937 Mutil.
796 1895 983 1942 Europeae
1013 1888 1130 1930 valde
1167 1885 1319 1933 affinis,
1348 1883 1416 1922 sed

530 1965 643 2006 caput
665 1951 811 2006 postice
831 1947 1015 1996 rubrum,
1042 1954 1223 1984 ancennae
1240 1940 1416 1992 palmer-

535 2023 611 2064 que
639 2006 751 2048 rufae.

478 2067 567 2117 Obf.
605 2067 713 2104 Inter
746 2059 1032 2101 ichneumones
1047 2055 1137 2093 <hoc
1178 2062 1302 2106 genus
1345 2061 1418 2088 re·-

535 2120 648 2161 duxit
683 2116 740 2155 D.
760 2115 804 2154 de
830 2113 944 2153 Geer.
978 2109 1281 2152 conservarunt.
1313 2102 1416 2142 DD.

540 2174 636 2214 Fab.
683 2173 720 2213 &
747 2168 923 2209 Schrank
963 2167 1001 2206 in
1034 2164 1177 2203 Εηιιηι.
1222 2161 1288 2200 sed
1332 2170 1421 2198 cum

537 2230 612 2271 hac
629 2237 751 2276 nota3
780 2223 948 2264 mutillae
967 2232 1091 2275 genus
1109 2214 1268 2258 fortaffe
1292 2223 1422 2253 totum

538 2283 778 2330 delendum3
807 2281 949 2318 dantur
976 2276 1078 2315 enim
1119 2282 1227 2312 certe
1253 2268 1426 2310 ichneu-

544 2349 683 2378 mones
721 2335 880 2388 apteri,
920 2331 1054 2384 quales
1097 2326 1299 2381 postremae
1337 2323 1427 2363 duae.

544 2393 693 2447 species
722 2388 884 2432 mutinae
913 2392 930 2440 (
952 2399 1155 2426 avarorum
1178 2381 1216 2421 ὅ(
1241 2377 1428 2418 melano-

1099 2437 1208 2478 Yiv
