1737 2804
434 185 679 228 Insa-cm
706 182 983 224 mrum.
1013 177 1171 220 Musca.
1351 175 1446 230 ⁴'427

569 294 872 348 pronuntiatum
920 290 995 332 fuit
1030 303 1054 330 a
1091 288 1149 330 D.
1182 285 1375 327 Fabricio.
1410 284 1452 325 Si

572 348 780 398 scutellum
814 349 994 395 inerme,
1028 356 1128 398 ergo
1160 353 1258 382 nota
1283 354 1305 380 a
1334 341 1453 394 spinis

577 403 732 446 scutelli
765 403 921 455 sumta,
951 413 1035 442 non
1067 396 1264 453 specifica.
1286 397 1341 437 V.

703 515 770 555 Ex
798 514 943 557 Enum·

275 629 415 671 Nova.
450 624 514 679 58.
543 628 607 668 M.
641 628 659 677 (
683 625 722 666 la
753 623 946 666 nouvelle
971 623 991 675 >
1021 621 1206 663 antennis
1237 618 1355 660 filaris
1380 617 1464 658 cla-

573 683 682 724 vatis
715 681 846 721 medio
876 679 1059 733 setigeris
1081 708 1092 727 ‚
1127 675 1292 717 scutello
1313 675 1465 715 biden-

579 746 669 778 tato
691 766 703 786 ,
744 736 859 789 nigra
876 764 890 784 ‚
928 733 1043 774 fulvo
1069 731 1301 786 pubescens.

525 794 666 847 Beytr.
699 789 794 831 Zur.
822 800 909 830 nat.
937 804 982 840 p.
1006 798 1073 843 93.
1106 787 1147 841 §.
1175 785 1243 840 63.

531 847 634 889 Hah.
660 848 700 887 in
730 848 905 899 Europa.

532 903 623 954 Obf.
645 901 724 942 Etsi
748 900 874 942 latere
904 907 1168 940 antennarum
1203 896 1472 950 porrectarum

585 958 712 1000 fetum
740 955 922 1004 exserat,
943 963 1036 994 toto
1062 965 1194 994 tamen
1221 950 1358 991 habitu
1380 949 1476 990 huic

583 1011 805 1053 muscarum
834 1009 990 1050 familiae
1018 1009 1136 1049 inseri
1163 1007 1346 1061 postulat.
1366 1007 1476 1058 Ergo

593 1080 735 1108 verum
781 1063 835 1104 est
875 1063 1023 1103 nullam
1072 1063 1149 1106 effe
1188 1059 1366 1115 regulam
1398 1058 1478 1101 fine

588 1121 846 1175 exceptione.

230 1230 435 1282 Anthrax.
470 1235 534 1285 59.
564 1230 629 1270 M.
662 1230 681 1280 (
705 1226 743 1268 le
774 1226 984 1277 charbon)
1004 1226 1192 1266 antennis
1223 1223 1344 1264 filatis
1373 1223 1482 1263 subu-

596 1285 715 1333 latis,
754 1283 825 1322 alis
857 1283 1010 1336 nigris,
1034 1281 1147 1334 apice
1178 1279 1484 1334 pallidioribus‚

596 1339 794 1379 halterum
826 1336 943 1378 clava
967 1337 1096 1391 nigra.

540 1395 656 1447 Scop.
691 1407 800 1433 carn.
831 1408 869 1433 n.
897 1402 970 1446 971
998 1395 1015 1432 3

541 1450 643 1491 Hah.
677 1449 719 1488 ιή
751 1451 922 1500 Europa.
953 1449 999 1486 In
1021 1445 1151 1486 Gallia
1173 1445 1358 1489 Aufl.V.

545 1505 662 1556 Dese.
691 1503 771 1557 Qui
796 1513 998 1553 nunquam
1022 1501 1126 1541 vidit
1149 1501 1319 1541 muscam
1344 1500 1492 1540 morio-

600 1575 687 1600 nem
715 1557 830 1597 Linn.
858 1555 962 1596 hanc
981 1568 1057 1609 pro
1079 1555 1147 1594 illa
1172 1555 1318 1596 habeat
1335 1553 1490 1595 necesse

603 1614 684 1664 est;
711 1612 818 1653 nulla
840 1612 946 1652 enim
968 1611 1045 1651 alia
1063 1620 1162 1650 nota
1187 1610 1345 1660 differt,
1373 1621 1492 1662 quam

606 1670 716 1723 quod
747 1667 825 1708 alae
861 1666 991 1707 minus
1025 1666 1184 1719 quidem
1215 1665 1417 1714 saturam,
1449 1672 1494 1703 at

604 1724 724 1768 latius
754 1723 878 1778 nigrae
904 1721 977 1761 sint
995 1751 1009 1772 ,
1035 1720 1129 1762 solis
1161 1721 1338 1774 apicibus
1370 1717 1493 1773 palli-

608 1778 812 1828 dioribus,
864 1790 947 1817 non
983 1787 1151 1825 tamen,
1192 1786 1237 1815 ut
1275 1776 1317 1815 in
1356 1775 1493 1828 priore

605 1833 736 1888 specie
753 1861 767 1879 ‚
794 1831 910 1885 plane
943 1831 1200 1873 excoloribus
1217 1860 1230 1879 ‚
1259 1829 1326 1870 sed
1363 1828 1496 1869 adhuc

606 1889 699 1931 satis
730 1886 878 1937 fuscis;
918 1899 995 1926 nec
1030 1886 1073 1926 in
1105 1885 1180 1926 hac
1217 1884 1346 1937 specie
1378 1883 1496 1924 clava

607 1943 806 1984 halterum
852 1941 1007 1992 lastea,
1044 1941 1111 1982 sed
1156 1941 1303 1994 nigra3
1347 1948 1495 1981 caeteta

611 1999 765 2043 eadem.

702 2108 767 2148 Ex
797 2109 889 2159 nost.
919 2107 1030 2159 Mus.

285 2222 455 2270 Hirsuta.
486 2220 554 2263 60.
585 2222 648 2261 M.
680 2220 697 2270 (
737 2217 776 2260 la
826 2217 946 2259 velue
979 2220 997 2269 )
1051 2219 1164 2272 nigra
1189 2247 1204 2268 ‚
1252 2216 1323 2257 alis
1367 2216 1492 2270 nigris

610 2273 810 2327 diaphano
843 2273 1030 2323 sinuatis,
1060 2273 1195 2314 subtus
1222 2271 1311 2326 pilis
1338 2283 1504 2312 aurato-

617 2330 736 2369 fulvis
768 2327 922 2368 vestita.
964 2340 994 2369 t.
1024 2339 1063 2382 9.
1088 2329 1130 2381 f.
1155 2337 1220 2368 11.

565 2386 667 2426 Hah.
701 2385 740 2423 in
772 2385 948 2437 Europa.
974 2385 1105 2436 Prope
1138 2381 1345 2422 Massiliam
1363 2393 1493 2435 capta.

564 2440 680 2497 Desc-
717 2438 876 2487 Statura.
919 2439 959 2484 ὅζ
992 2436 1115 2482 facies
1163 2438 1228 2483 M.
1274 2438 1484 2486 morionis,
