1737 2804
307 151 541 192 1:1⁵5.ch
569 146 1021 185 HYMENOPTERA.
1051 140 1231 182 Mutilla.
1308 150 1386 194 341

517 253 745 308 contiguae3
776 261 948 292 attamen
971 249 1109 291 eadem
1130 250 1198 292 est.
1229 248 1266 288 T
1266 250 1390 288 lzoraae

519 310 641 364 igitur
669 308 733 349 vel
762 317 871 348 totus
902 303 1019 347 ruber
1057 304 1123 347 vel
1154 306 1284 345 antice
1321 304 1391 344 ni·-

522 365 693 422 gricans.
719 366 771 405 V.

236 493 395 534 Maura.
425 502 466 533 2.
496 492 560 532 M.
589 493 607 542 (
642 490 679 530 la
728 490 872 529 Maure
905 489 924 538 )
975 486 1085 540 nigra
1109 512 1122 531 ,
1179 482 1390 526 abdomine

516 546 677 586 maculis
709 554 879 598 quatuor
904 541 1000 583 albis
1017 571 1031 591 ,
1060 538 1226 579 thorace
1257 538 1365 580 rufo.

462 600 559 642 Fab.
588 612 652 640 10.

456 655 559 696 Hah.
590 657 630 695 in
659 654 915 695 Mauritania.
941 652 982 692 E.
1000 650 1188 690 Brunder.
1215 650 1257 688 In
1280 650 1389 688 Ger-

515 711 657 752 mania.
700 709 757 748 D.
781 709 978 748 Schreber.
1015 709 1059 746 In
1093 708 1249 756 Europa
1280 703 1390 743 Aus-

514 766 650 805 raliori
681 764 777 804 Fab.
811 766 855 804 In
884 762 1012 803 Gallia
1037 759 1148 799 Aust.
1174 761 1224 799 V.

453 819 571 870 Dese.
606 823 652 859 F.
682 831 815 859 atrata
847 819 998 863 minor,
1036 826 1118 853 tota
1153 815 1296 864 nigra,
1316 814 1390 863 fied

505 875 666 915 macula·
676 875 794 925 fizpra
814 873 1007 912 abdomen
1022 869 1146 920 albae;
1166 882 1243 907 una
1257 883 1386 919 parva

510 930 562 970 ad
593 930 726 981 bafin‚·
760 941 837 966 una
857 928 909 966 ad
935 925 1110 976 apicem,·
1146 923 1230 962 duae
1249 923 1385 973 paullo

509 983 679 1035 majores
708 983 760 1021 ad
787 982 912 1021 latera
938 981 979 1019 in
1010 977 1134 1018 medio
1164 977 1387 1017 abdominis

499 1038 631 1090 paria.

145 1163 380 1204 Acarorum.
413 1168 452 1210 3.
483 1158 546 1197 Μ.
579 1158 692 1208 (des
727 1156 898 1209 tiques)
941 1157 1078 1210 glabra
1112 1157 1225 1208 rufa,
1261 1160 1389 1213 capite

504 1211 793 1263 abdomineque
829 1210 980 1264 postico
1010 1212 1148 1265 nigris.
1179 1216 1198 1233 '‘

449 1265 547 1306 Fab.
580 1266 688 1306 ichn.
722 1265 814 1306 128.

448 1320 513 1363 De
535 1319 634 1360 Geer
663 1332 814 1362 tom.2.
840 1336 880 1372 p.
903 1331 996 1375 907.
1025 1332 1057 1362 t.
1076 1332 1141 1374 31.
1163 1323 1204 1376 f.
1224 1332 1387 1376 19.-21.

503 1375 612 1416 ichn.
627 1376 864 1430 nigricornis
881 1406 892 1425 ‚
908 1375 1157 1433 ferrugineus
1171 1405 1182 1423 ,
1199 1386 1358 1430 apterus
1369 1407 1383 1429 ,

506 1432 666 1483 capite,
696 1444 774 1471 ano
809 1431 1064 1484 antennisque
1098 1432 1238 1486 nigris.

451 1485 594 1525 Enum.
629 1500 668 1526 η.
693 1484 786 1537 840.

449 1539 571 1580 Mall.
602 1539 690 1579 Lin.
723 1539 826 1581 Nat.
858 1540 907 1581 cl.
936 1552 983 1582 V.
1007 1558 1050 1593 p.
1080 1551 1174 1596 921.

450 1594 551 1635 Hah.
593 1597 701 1635 Inter
746 1608 885 1638 acatos
927 1597 1066 1648 quibus
1116 1596 1283 1638 viffitat.
1337 1601 1383 1639 In

508 1649 781 1690 curculionum
808 1650 944 1691 larvis.
967 1654 1020 1692 V.

452 1703 540 1745 Haec
567 1704 695 1756 dzffbrt
728 1721 751 1745 a
779 1706 940 1763 reliquis
959 1736 971 1756 ‚
1013 1707 1113 1760 quod
1145 1707 1285 1757 glabra
1317 1724 1385 1748 nec

504 1761 718 1813 ,tomenfofiz
742 1762 824 1814 fit,
857 1762 888 1801 ὃ·
918 1761 1071 1800 videtur
1098 1763 1229 1811 potius
1264 1762 1387 1814 sphex

504 1823 640 1868 aptera
665 1817 762 1867 effe}‚·
789 1816 1031 1866 segmentum
1062 1827 1079 1854 1
1108 1816 1140 1854 δ’
1170 1827 1226 1864 2,
1257 1818 1387 1857 abdo-

504 1869 622 1913 minis
656 1872 746 1923 rufa
768 1899 779 1919 ‚
820 1870 967 1924 reliqua
1000 1871 1128 1921 nigra.

453 1923 569 1975 Desfs.
599 1926 742 1966 Parva.
769 1924 970 1964 Antennae
1008 1926 1131 1979 nigrae
1150 1954 1162 1973 ‚
1200 1925 1385 1980 longitu-

511 1980 602 2019 dine
652 1978 736 2020 fere
786 1980 981 2033 corporis.
1033 1980 1159 2031 Caput
1215 1981 1386 2035 nigrum.

507 2031 668 2073 Thorax
692 2036 819 2088 niger.
849 2036 1053 2074 Abdomen
1079 2036 1233 2088 nigrum
1252 2066 1263 2082 ‚
1295 2035 1384 2090 seg-

508 2099 644 2130 mento
671 2090 796 2142 primo
824 2089 1068 2143 ferrugineo.
1101 2090 1224 2129 Pedes
1249 2090 1383 2131 ferru-

506 2143 646 2197 ginei,
690 2144 796 2184 tibiis
837 2144 993 2198 posticis
1035 2145 1172 2198 nigris.
1210 2143 1383 2185 Foemina,

463 2201 465 2203 ’
506 2197 725 2248 fimissima,
778 2200 918 2239 aculeo
969 2200 1125 2240 exserto
1172 2199 1383 2241 abdomine

505 2251 708 2294 breviore.
741 2253 862 2294 Faun.
895 2265 1013 2306 1729.

452 2307 540 2356 Obs.
572 2309 729 2349 Marem
761 2310 907 2349 alatum
945 2309 1020 2349 effe
1053 2308 1279 2362 suspicatur.
1321 2309 1378 2350 Β,

505 2363 549 2411 de
581 2361 695 2405 Geer.
745 2363 811 2405 sed
861 2374 1067 2417 utrumque
1115 2365 1245 2406 sexum
1280 2364 1384 2407 vidit

1058 2436 1096 2480 Y
1127 2435 1168 2486 iij
