1737 2804
334 152 419 201 613
474 159 874 198 ANALYTch
926 161 997 191 ET
1044 151 1470 207 convexaretur,

503 267 562 309 Dz
592 263 769 307 Linnaet'..

340 381 433 422 Alae
450 376 722 420 incumbentes
740 403 753 422 ,
776 371 944 414 inferio-

395 436 502 476 ribus
527 431 697 487 plicatis.

350 1106 438 1156 Obf.
459 1101 663 1144 Familiam
681 1106 953 1151 neuroptero-

401 1173 488 1201 rum
534 1157 639 1198 solus
688 1154 855 1196 retinuit
894 1149 951 1189 D.

403 1213 577 1265 Scopoli,
592 1212 658 1264 qui
670 1220 803 1250 tamen
813 1208 955 1261 hyme-

403 1280 666 1321 nopterorum
701 1295 715 1316 ‚
769 1263 955 1316 diptero—

403 1338 489 1365 rum
504 1354 516 1373 ‚
533 1332 840 1376 apterorumque
856 1314 953 1357 clas-

405 1381 500 1420 fium
551 1379 713 1418 nomina
767 1371 952 1413 mutavit.

405 1438 498 1476 Hoc
539 1433 700 1472 nomine
725 1458 737 1476 ‚
779 1426 922 1466 insecta
941 1454 953 1474 ,

405 1501 577 1541 quorum
603 1495 675 1524 alae
704 1494 841 1521 nervis
875 1493 955 1518 nu-

406 1541 567 1583 merofis
596 1536 818 1579 reticulatae
836 1534 926 1575 sunt
944 1563 956 1582 ‚

406 1596 629 1651 designavit
653 1593 853 1632 Linnaeus.
880 1589 959 1629 Etsi

410 1654 453 1693 in
509 1650 691 1692 omnibus
743 1656 829 1687 rete
875 1658 959 1685 non

410 1707 618 1760 aqualiter
664 1705 710 1744 fit
745 1711 958 1750 notatum,

410 1776 529 1803 venae
548 1771 682 1801 tamen
699 1759 850 1810 semper
872 1756 960 1796 sunt

410 1819 710 1858 numerosiores
736 1814 963 1867 hymenop-

413 1885 593 1913 terorum
632 1871 782 1911 alarum
819 1869 962 1916 venis,

413 1930 622 1982 primoque
644 1924 816 1978 inspettu
833 1926 966 1963 deter-

415 1985 616 2024 minantur
660 1981 811 2034 species
850 1978 967 2029 huius

415 2039 576 2080 familiae
615 2049 730 2090 quam
771 2048 859 2076 cum
901 2033 968 2074 se·-

420 2103 568 2148 quente
643 2107 727 2134 non
795 2090 967 2130 feliciter

420 2151 638 2205 junxerunt
669 2145 852 2190 nonnulli
882 2147 967 2185 En·-

423 2205 637 2261 tomologi.

1141 259 1202 304 -Β,
1229 261 1276 302 de
1304 258 1436 300 Gceri.

1001 371 1221 411 Stemmata
1245 381 1282 425 3.

1003 426 1044 466 T
1040 428 1121 482 arsi·
1143 425 1320 466 articulis
1355 434 1389 476 ς.

1049 536 1546 579 FAUSSE-FRIGANF‚

1001 647 1202 688 Antennae
1221 646 1388 688 setaceae
1404 675 1417 696 ,
1437 643 1609 687 thorace

1056 704 1277 758 longiores.

1007 759 1065 799 Os
1092 758 1278 799 dentibus
1303 758 1340 799 &
1368 753 1510 809 palpis.

1002 815 1044 855 A
1049 814 1097 854 lae
1110 813 1282 866 aequales
1294 842 1306 861 ‚
1318 808 1607 857 horizontales,

1060 870 1234 910 invicem
1256 865 1548 915 incumbentes-

1005 925 1230 965 Stemmata
1249 926 1317 964 ΙΙΙ.

1008 980 1122 1034 Tarsi
1151 978 1330 1022 articulis
1360 989 1398 1032 3.

1009 1092 1098 1143 0le
1125 1103 1162 1132 1.
1185 1090 1321 1132 Perlas
1348 1088 1418 1130 vel
1438 1087 1612 1141 pseudo-

1065 1148 1319 1202 phryganeas
1361 1145 1385 1184 ὲ
1430 1143 1614 1198 phryga-

1064 1204 1151 1243 neis
1191 1199 1508 1251 hemerobiisque
1549 1196 1615 1236 se—

1063 1258 1219 1311 paravit
1249 1256 1304 1295 D.
1337 1256 1381 1294 de
1418 1254 1534 1292 Geer.
1563 1264 1614 1290 eo

1065 1314 1173 1366 quod
1189 1321 1316 1351 tarsos
1335 1318 1417 1348 tres
1433 1338 1444 1356 ‚
1472 1305 1615 1346 occel-

1063 1367 1200 1418 losque
1215 1373 1296 1403 tres
1311 1363 1353 1401 in
1371 1361 1511 1413 capitis
1523 1373 1619 1399 ver-

1066 1423 1146 1462 tice
1163 1419 1334 1458 habeant
1352 1419 1418 1468 (at
1432 1417 1471 1456 in
1485 1414 1618 1468 phry-

1068 1475 1204 1530 ganeis
1235 1471 1428 1512 tarsorum
1460 1470 1618 1510 articu-

1068 1533 1096 1571 li
1119 1538 1133 1578 5
1153 1531 1170 1579 )
1204 1541 1254 1568 eo
1285 1528 1391 1579 quod
1410 1527 1451 1566 in
1477 1525 1618 1565 heme-

1071 1585 1195 1627 robiis
1218 1583 1417 1627 stemmata
1437 1580 1577 1621 desmt.

1019 1698 1109 1748 Obs.
1135 1708 1176 1736 2.
1211 1695 1402 1750 Quaedam
1439 1703 1621 1745 neurop-

1073 1763 1159 1793 tera
1183 1750 1282 1803 Syst.
1304 1747 1458 1790 classem
1477 1746 1622 1787 secun-

1074 1811 1163 1848 dam
1181 1806 1240 1846 D.
1264 1805 1308 1844 de
1331 1803 1444 1843 Geer.
1475 1800 1625 1842 consti-

1076 1874 1173 1903 tuun
1180 1871 1208 1902 t.
1224 1860 1312 1900 Alae
1325 1868 1496 1912 quatuor
1509 1847 1636 1896 mem?

1076 1920 1300 1964 branaeeae,
1319 1928 1365 1955 os
1380 1911 1625 1955 edentulum.

1079 1975 1314 2026 Plzryganea
1348 2000 1362 2018 ,
1408 1968 1625 2019 ephemera.

1134 2032 1179 2069 In
1195 2027 1314 2067 tertia
1333 2023 1449 2065 claffe
1475 2021 1628 2062 libellu-

1081 2086 1120 2124 la
1134 2114 1148 2132 ,
1168 2081 1408 2123 hemerobius
1423 2109 1435 2128 ‚
1459 2077 1628 2130 myrmi-

1081 2142 1138 2180 leo
1154 2169 1165 2189 ‚
1189 2137 1329 2191 pseudo
1342 2135 1598 2187 -phryganea
1614 2160 1630 2177 ,

1075 2207 1254 2245 panorpa
1270 2222 1282 2242 ‚
1302 2189 1479 2241 raphidia
1492 2215 1506 2234 ,
1528 2199 1631 2239 quo-

1082 2264 1168 2290 rum
1208 2248 1282 2288 -alae
1313 2244 1598 2286 membranacae
1617 2271 1631 2290 ‚

1084 2303 1281 2357 aequales‚
1310 2297 1532 2341 reticulatae
1567 2295 1631 2335 os·-

1083 2374 1158 2414 que
1180 2357 1363 2400 dentibus
1394 2352 1629 2395 instructum.
