1737 2804
442 166 685 210 lusae-ra
712 164 990 206 Due-rnna,
1017 160 1177 215 Tipula.
1375 167 1454 214 373

519 275 619 316 Fab.
678 285 713 315 1.

516 331 582 371 De
623 285 721 371 Οἶει·
761 341 855 369 tom.
881 327 920 369 6.
958 342 1001 379 p.
1030 333 1122 380 359.
1159 340 1197 365 n.
1232 323 1297 365 18.
1323 335 1355 365 t.
1387 333 1458 376 19.'

562 387 602 442 f.
633 396 710 438 14,
743 394 806 434 15.
839 380 1128 439 griseo-fusca,
1158 381 1342 421 antennis
1370 378 1454 419 fili-

568 441 791 490 fomitibus,
834 440 950 479 maris
988 435 1170 491 plumosis
1191 464 1204 485 ‚
1238 434 1452 474 abdomine

566 496 694 537 fasciis
711 495 833 550 nigris
845 525 858 545 ‚
878 493 950 535 alis
964 491 1138 548 hyalinis
1154 491 1299 545 punito
1315 489 1452 543 nigro.

519 552 663 593 Enum.
697 567 736 592 n.
761 548 856 590 866.
1262 566 1267 570 ⁶

514 606 638 646 Milli.
667 606 756 645 Lin.
789 604 892 646 Nat.
920 603 971 643 cl.
1000 613 1048 643 V.
1073 618 1115 653 p.
1138 599 1234 657 936.

514 661 640 701 Faun.
672 660 800 700 Fridr.
837 675 876 700 n.
901 657 994 698 681.

512 715 612 756 Hah.
643 717 682 755 in
711 718 898 767 Europa,
935 712 1123 766 imprimis
1153 711 1195 751 in
1230 708 1456 751 maritimis.·

572 774 618 811 In
642 769 771 810 Gallia
799 769 913 809 Aust.
935 771 988 810 V.

518 825 636 877 Dese.
663 828 758 865 Haec
790 824 917 865 culice
958 823 1126 875 pipiente
1164 818 1284 873 duplo
1324 818 1453 872 major

566 881 634 921 est.
671 879 766 932 Ahg
794 878 1090 925 incumbentes,
1110 875 1421 916 membranaceae
1437 903 1453 923 ,

564 937 713 990 punito
750 935 868 987 nigro
901 933 942 973 in
971 933 1105 973 medio
1139 930 1210 971 alae
1232 959 1245 977 ‚
1278 931 1327 969 ad
1351 941 1457 968 mar-

564 992 699 1044 ginem
736 989 980 1029 exteriorem
1004 1001 1055 1027 ex
1087 983 1315 1025 anastomosi
1341 984 1456 1024 duo-

564 1057 651 1084 rum
669 1042 854 1083 vasorum
870 1051 979 1080 orto.
1008 1040 1159 1090 Corpus
1187 1038 1360 1086 fuscum,
1387 1038 1456 1078 sed

562 1111 690 1150 nuper
716 1094 916 1138 exclusum
949 1095 1117 1134 omnino
1146 1093 1275 1133 viride
1297 1121 1309 1141 ,
1347 1105 1456 1144 prae-

565 1151 700 1191 sertim
732 1151 781 1189 ad
817 1148 943 1187 latera
980 1147 1158 1188 thoracis
1199 1146 1336 1185 versus
1378 1146 1461 1185 ab-¹

560 1206 707 1244 domen
731 1218 743 1250 3
776 1200 958 1242 hirsuties
980 1201 1052 1241 vix
1074 1199 1154 1239 ulla
1177 1200 1216 1239 in
1242 1209 1334 1238 toto
1360 1213 1457 1239 cor-

560 1271 686 1311 pore;
705 1256 960 1297 incisurarum
980 1255 1178 1309 margines
1205 1253 1455 1307 pallidiores.

560 1313 714 1353 Gibber
732 1312 800 1355 seu
825 1310 1003 1353 sacculus
1030 1310 1100 1350 sub
1123 1309 1306 1350 thorace.
1327 1309 1456 1348 Pedes

564 1368 688 1408 antici
725 1367 887 1419 reliquis
924 1366 1130 1419 longiores
1155 1394 1167 1413 ‚
1205 1376 1288 1403 non
1320 1372 1456 1404 tamen

564 1423 731 1462 elevati.
763 1421 820 1460 Os
851 1421 976 1476 palpis
1002 1420 1209 1468 incurvis,
1239 1431 1322 1458 non
1349 1432 1455 1471 pun-

563 1491 678 1531 gens.
712 1475 806 1515 Mas
847 1476 1031 1516 antennis
1068 1473 1251 1528 plumofis
1281 1486 1333 1514 ex
1361 1473 1454 1526 pilis

561 1531 717 1583 pallidis
764 1531 938 1586 undique
989 1529 1251 1582 spectantibus
1295 1529 1332 1568 &
1369 1542 1452 1568 ano

563 1585 632 1624 seu
670 1586 794 1626 cauda
833 1585 990 1625 elevata
1014 1614 1026 1632 ‚
1074 1583 1206 1623 bifida.
1248 1582 1449 1630 Foemina,

196 1614 260 1678 ⁶
566 1641 752 1680 antennis
771 1641 891 1679 modo
915 1638 1086 1686 villofis,
1117 1638 1241 1678 cauda
1260 1650 1341 1677 non
1361 1637 1452 1678 ele..

561 1704 658 1734 vata
678 1724 690 1741 ,
735 1708 810 1735 nee
843 1693 914 1734 alis
938 1693 1139 1747 longiore.

512 1747 645 1790 larva
685 1749 881 1789 filiformis
914 1777 926 1795 ‚
973 1748 1095 1803 longa
1117 1777 1129 1797 ‚
1158 1746 1250 1787 laete
1283 1747 1402 1788 rubra
1433 1778 1450 1798 ‚

564 1805 693 1844 mollis
719 1835 731 1853 ,
773 1815 822 1842 12
849 1803 1025 1843 articulis
1049 1802 1289 1853 composita,
1322 1804 1449 1843 cauda

565 1859 698 1899 bifida.
720 1859 846 1898 Pedes
863 1860 942 1898 duo
960 1870 1065 1910 pone
1082 1865 1200 1908 caput
1219 1866 1260 1895 et
1278 1858 1449 1899 totidem

563 1924 656 1953 ante
675 1916 839 1956 caudam
856 1943 870 1961 ,
900 1925 1039 1952 omnes
1059 1910 1202 1963 absque
1218 1911 1415 1965 unguibus
1433 1941 1448 1961 ,

564 1969 693 2011 obtufi
715 1999 726 2016 ‚
765 1969 877 2021 apice
903 1967 990 2020 pilis
1018 1966 1141 2006 ciliati
1168 1995 1181 2015 ‚
1226 1967 1268 2005 in
1302 1965 1450 2018 penul...

566 2024 665 2063 timo
703 2023 907 2077 segmento
943 2022 1050 2073 paria
1101 2021 1181 2059 duo
1225 2021 1448 2062 cirrhorum

561 2077 825 2118 filiformium.
854 2076 1018 2131 pedibus
1072 2074 1159 2128 ipsis
1202 2074 1447 2128 longiorum,

538 2133 540 2135 '
566 2131 692 2173 Faun.
728 2130 846 2187 1758.

177 2243 398 2287 Littoralis.
434 2250 497 2295 51.
529 2242 583 2284 T.
616 2245 633 2292 (
659 2242 696 2281 la
722 2243 948 2292 maritime)
971 2240 1194 2288 virescens,
1217 2240 1287 2279 alis
1311 2240 1449 2280 imma-2

512 2336 518 2341 ,
565 2297 706 2337 culatis
725 2328 737 2346 ‚
769 2298 932 2350 pedibus
965 2298 1105 2337 amicis
1135 2294 1376 2348 longissimis.
1399 2297 1422 2334 ‘¹⁸.

511 2350 635 2404 Geoffl
661 2354 786 2403 paris.
826 2369 868 2404 p,
901 2351 989 2398 561.
1018 2368 1057 2390 n.
1085 2361 1148 2402 17.

514 2407 679 2453 Renum.
717 2408 789 2458 ins}
825 2419 860 2459 5,
890 2418 921 2448 t.
947 2406 985 2448 6.
1009 2407 1048 2459 f.
1078 2415 1156 2449 12,
1196 2414 1273 2456 13,
1302 2412 1366 2458 14.

1089 2461 1159 2503 Aa
1188 2460 1230 2512 iij
