1737 2804
330 186 572 231 INssscffrA
600 164 1197 238 HriaetssuoPTERA.Apis;
1309 191 1389 240 309

509 294 790 349 longitudine,
820 294 1065 349 ellipficum,
1104 295 1266 343 uitem,
1305 293 1394 333 ful-

511 363 632 396 vum,
681 353 721 391 in
746 350 897 407 singulo
923 350 1048 390 latere
1073 348 1236 390 maculis
1266 348 1394 389 tribus

514 405 836 447 flavescentibus.

463 460 615 501 Variat
635 491 648 508 ,
690 461 906 502 tuberculis
937 459 1112 501 thoracis
1146 459 1289 499 anticis
1320 457 1396 498 fla·-

511 515 764 556 vescentibus
789 517 989 568 unicoque
1015 515 1158 568 punc‘to
1198 513 1310 554 luteo
1348 515 1391 554 in

511 571 638 611 latere
693 571 845 626 singulo
909 570 1130 611 abdominis
1162 598 1175 618 ‚
1232 582 1396 613 necnon

513 638 587 665 ore
637 628 769 668 antice
829 625 919 667 rufo
975 613 1232 677 antennisqbe
1291 625 1393 664 fotis

475 694 478 696 ’
514 680 623 722 rufis.

569 791 635 830 Ex
656 793 759 844 spec.
789 792 846 834 D.
873 793 970 833 Fab.

196 901 359 957 Pilipes.
393 908 456 955 54.
490 903 543 943 A.
573 904 591 954 (
619 902 858 957 l'aigrette)
894 901 1019 956 grisea
1040 929 1054 948 ‚
1081 900 1245 954 pedibus
1266 899 1399 942 inter-

511 957 651 997 mediis
680 957 914 997 fasciculato
949 956 1096 1010 pilosis.

458 1013 604 1052 Enum.
633 1026 672 1049 η.
699 1009 794 1060 804.

457 1064 566 1105 Pall.
585 1063 713 1114 spicil.
741 1064 839 1113 zool.
863 1065 966 1111 fast?-
991 1073 1030 1114 9.
1064 1073 1131 1114 24.
1159 1074 1190 1103 t.
1215 1075 1253 1103 Ι,
1278 1065 1319 1116 f
1337 1075 1402 1117 14.

457 1115 581 1169 Geoffi
611 1118 682 1166 ins:
711 1127 808 1156 torn.
833 1128 873 1156 2.
900 1132 944 1167 p.
967 1126 1064 1167 412.
1098 1133 1138 1154 n.
1162 1126 1200 1170 9.
1238 1122 1318 1157 an?

453 1171 555 1211 Hah.
607 1172 646 1210 in
691 1171 856 1224 Angiia.
900 1170 958 1211 D.
986 1170 1141 1212 Lewin.
1188 1174 1233 1211 In
1271 1173 1405 1212 Gallia

511 1225 623 1266 Aust.
647 1227 700 1266 V.
879 1230 890 1240 ⁹

456 1280 575 1331 Dese.
637 1279 784 1332 Corpus
830 1290 961 1321 totum
1016 1279 1181 1321 hirsutie
1240 1282 1402 1323 cinerea

510 1336 671 1376 testum.
697 1337 822 1375 Pedes
851 1336 989 1390 nigri,
1021 1335 1158 1388 postici
1195 1347 1367 1388 quatuor
1385 1366 1400 1386 ,

509 1391 699 1443 imprimis
726 1391 952 1431 intermedii
976 1421 989 1441 ,
1023 1391 1113 1444 pilis
1149 1390 1404 1446 longioribus

515 1445 754 1492 fasciculatis
787 1446 899 1486 hirti.

455 1500 572 1550 Dese.
619 1500 781 1539 Labium
826 1500 1008 1554 'superius
1060 1501 1204 1541 flavum
1227 1517 1239 1552 ς
1279 1504 1405 1557 frons

516 1554 771 1609 ferruginea3
802 1554 888 1596 haec
906 1556 943 1596 ὅ(
963 1555 1061 1596 illud
1083 1566 1275 1610 teguntur
1300 1559 1403 1598 villo

477 1625 481 1628 ·
514 1622 633 1650 cano.
678 1609 841 1650 Thorax
888 1620 1000 1650 totus
1039 1611 1146 1651 flavo
1168 1639 1190 1646 -
1215 1613 1404 1656 hirsutus.

513 1664 719 1704 Abdomen
739 1678 762 1705 a
781 1665 859 1705 basi
878 1665 1014 1706 versus
1043 1668 1213 1707 medium
1235 1669 1405 1708 villoso-

516 1719 736 1760 flavescens
753 1749 765 1768 ,
793 1733 876 1760 non
908 1721 1007 1761 nihil
1034 1730 1167 1761 tamen
1187 1752 1200 1771 ,
1228 1736 1342 1775 quam
1361 1724 1405 1763 in

515 1774 710 1825 thorace,
741 1774 840 1814 villo
866 1775 1018 1815 rariore
1048 1775 1254 1817 hirsutum.
1284 1779 1404 1830 Apex

515 1829 595 1883 ipse
614 1830 731 1883 nigro
757 1829 947 1879 villosus,
966 1830 1051 1869 haec
1069 1839 1211 1870 tamem
1233 1834 1405 1887 nigredo

470 1893 474 1897 ’
517 1898 601 1924 non
628 1885 795 1936 abrupte
812 1885 950 1937 incipit
964 1914 976 1932 ,
994 1884 1060 1924 sed
1080 1885 1158 1938 ipsa
1177 1886 1313 1927 baseos
1332 1887 1408 1927 fla-

518 1941 628 1979 vedo
649 1939 877 1992 quibusdam
904 1939 1033 1981 veluti
1063 1940 1210 1980 umbris
1236 1955 1405 1994 penum-

514 1993 671 2046 brisque
687 1996 727 2034 in
745 2007 831 2034 eam
851 1995 1082 2048 degenerat.
1100 1993 1226 2046 Caput
1238 1996 1374 2037 subtus
1387 2027 1403 2049 ‚

511 2049 654 2101 pedum
684 2050 900 2089 anticorum
922 2061 1010 2100 pars
1046 2049 1192 2101 postica
1209 2080 1220 2096 ,
1239 2053 1402 2103 pedus,

516 2116 619 2144 cano
648 2104 747 2144 villo
780 2104 898 2144 valde
923 2104 1102 2143 barbata.
1122 2105 1245 2145 Pedes
1275 2109 1404 2149 inter-

515 2159 634 2197 medii
661 2158 892 2212 graciliores
909 2187 921 2207 ,
948 2158 1167 2212 longiores,
1192 2163 1401 2204 Metatarfi

516 2222 631 2265 parte
662 2214 794 2255 antica
817 2213 935 2266 scopa
955 2214 1066 2267 nigra
1086 2214 1202 2255 densa
1222 2244 1233 2262 ,
1252 2218 1402 2270 postica

517 2280 607 2306 cum
639 2268 746 2308 tarsis
785 2269 874 2321 pilis
905 2269 1036 2322 longis
1073 2270 1227 2323 nigris,
1264 2274 1401 2312 rari0-

516 2321 626 2368 ribus
680 2332 811 2363 tamen
833 2354 845 2372 ‚
898 2323 1061 2363 barbata
1090 2339 1101 2372 3
1155 2327 1203 2365 ad
1248 2328 1400 2379 apicem

516 2376 606 2416 tarsi
658 2378 880 2418 verticillus
933 2379 1103 2431 pilorum
1155 2382 1357 2434 nigrorum
1391 2398 1401 2425 ε

515 2430 704 2487 jundturae
730 2435 871 2487 pedum
894 2446 1030 2476 omnes
1063 2433 1250 2478 albicant.
1272 2435 1400 2479 Tibiae

1072 2491 1111 2531 V
1137 2489 1179 2542 iij

1725 1136 1728 1145 -
1724 1070 1728 1088 „⁴
1715 1047 1719 1061 -’
1714 897 1727 1034 ’,ψᾴιῑῑειν
1712 724 1734 884 ᾔκὴτῖτᾳ-ῑτ
1708 650 1731 711 ζτῆ
1707 519 1730 639 ῑ·;ι’“-Ἀ.··;·-
1706 456 1726 466 j
1706 433 1715 445 τ
1707 408 1709 410 ⁴
1722 383 1724 387 v
1704 339 1708 346 ⁴
