<?xml version="1.0" encoding="UTF-8"?>
<!DOCTYPE html PUBLIC "-//W3C//DTD XHTML 1.0 Transitional//EN"
    "http://www.w3.org/TR/xhtml1/DTD/xhtml1-transitional.dtd">
<html xmlns="http://www.w3.org/1999/xhtml" xml:lang="en" lang="en">
 <head>
  <title>
</title>
<meta http-equiv="Content-Type" content="text/html;charset=utf-8" />
  <meta name='ocr-system' content='tesseract 3.04.00' />
  <meta name='ocr-capabilities' content='ocr_page ocr_carea ocr_par ocr_line ocrx_word'/>
</head>
<body>
  <div class='ocr_page' id='page_1' title='image "./carolilinnient03linn_0066.png"; bbox 0 0 1737 2804; ppageno 0'>
   <div class='ocr_carea' id='block_1_1' title="bbox 349 179 1457 246">
    <p class='ocr_par' dir='ltr' id='par_1_1' title="bbox 349 179 1457 246">
     <span class='ocr_line' id='line_1_1' title="bbox 349 179 1457 246; baseline 0.008 -21"><span class='ocrx_word' id='word_1_1' title='bbox 349 179 405 224; x_wconf 76' lang='lat'><strong>60</strong></span> <span class='ocrx_word' id='word_1_2' title='bbox 472 186 715 230; x_wconf 63' lang='lat' dir='ltr'><strong>luston</strong></span> <span class='ocrx_word' id='word_1_3' title='bbox 737 191 1152 233; x_wconf 62' lang='lat' dir='ltr'><strong>Narranti-nnn.</strong></span> <span class='ocrx_word' id='word_1_4' title='bbox 1175 185 1457 246; x_wconf 59' lang='lat' dir='ltr'><strong>Myrmeleonl·</strong></span> 
     </span>
    </p>
   </div>
   <div class='ocr_carea' id='block_1_2' title="bbox 687 299 1692 2501">
    <p class='ocr_par' dir='ltr' id='par_1_2' title="bbox 687 299 1692 2501">
     <span class='ocr_line' id='line_1_2' title="bbox 734 299 1627 355; baseline -0.002 -13"><span class='ocrx_word' id='word_1_5' title='bbox 734 299 900 342; x_wconf 84' lang='lat' dir='ltr'><strong>maculae</strong></span> <span class='ocrx_word' id='word_1_6' title='bbox 921 300 1044 354; x_wconf 84' lang='lat' dir='ltr'><strong>igitur</strong></span> <span class='ocrx_word' id='word_1_7' title='bbox 1059 301 1207 342; x_wconf 87' lang='lat' dir='ltr'><strong>alarum</strong></span> <span class='ocrx_word' id='word_1_8' title='bbox 1235 302 1405 355; x_wconf 87' lang='lat' dir='ltr'><strong>speciem</strong></span> <span class='ocrx_word' id='word_1_9' title='bbox 1423 299 1627 342; x_wconf 66' lang='lat' dir='ltr'><strong>diversam·</strong></span> 
     </span>
     <span class='ocr_line' id='line_1_3' title="bbox 733 354 1632 410; baseline -0.002 -14"><span class='ocrx_word' id='word_1_10' title='bbox 733 368 819 396; x_wconf 88' lang='lat' dir='ltr'><strong>non</strong></span> <span class='ocrx_word' id='word_1_11' title='bbox 831 354 1088 397; x_wconf 86' lang='lat' dir='ltr'><strong>constituunt.</strong></span> <span class='ocrx_word' id='word_1_12' title='bbox 1101 356 1289 410; x_wconf 71' lang='lat' dir='ltr'><strong>D.Ge&#39;off1</strong></span> <span class='ocrx_word' id='word_1_13' title='bbox 1303 357 1382 397; x_wconf 93' lang='lat' dir='ltr'><strong>hoc</strong></span> <span class='ocrx_word' id='word_1_14' title='bbox 1397 356 1594 408; x_wconf 80' lang='lat' dir='ltr'><strong>descripsit</strong></span> <span class='ocrx_word' id='word_1_15' title='bbox 1611 366 1632 402; x_wconf 45' lang='grc' dir='ltr'><strong>ς(</strong></span> 
     </span>
     <span class='ocr_line' id='line_1_4' title="bbox 733 409 1624 464; baseline -0.002 -14"><span class='ocrx_word' id='word_1_16' title='bbox 733 410 801 450; x_wconf 89' lang='lat' dir='ltr'><strong>sed</strong></span> <span class='ocrx_word' id='word_1_17' title='bbox 837 409 990 450; x_wconf 77' lang='lat' dir='ltr'><strong>macula</strong></span> <span class='ocrx_word' id='word_1_18' title='bbox 1019 412 1167 453; x_wconf 80' lang='lat' dir='ltr'><strong>alarum</strong></span> <span class='ocrx_word' id='word_1_19' title='bbox 1203 412 1290 453; x_wconf 70' lang='lat' dir='ltr'><strong>alba</strong></span> <span class='ocrx_word' id='word_1_20' title='bbox 1317 410 1522 464; x_wconf 79' lang='lat' dir='ltr'>marginali</span> <span class='ocrx_word' id='word_1_21' title='bbox 1546 423 1624 449; x_wconf 82' lang='lat' dir='ltr'><strong>nec:</strong></span> 
     </span>
     <span class='ocr_line' id='line_1_5' title="bbox 735 466 1623 520; baseline 0 -17"><span class='ocrx_word' id='word_1_22' title='bbox 735 466 777 504; x_wconf 89' lang='lat' dir='ltr'><strong>in</strong></span> <span class='ocrx_word' id='word_1_23' title='bbox 820 477 903 504; x_wconf 89' lang='lat' dir='ltr'><strong>uno</strong></span> <span class='ocrx_word' id='word_1_24' title='bbox 929 478 1005 506; x_wconf 88' lang='lat' dir='ltr'><strong>nec</strong></span> <span class='ocrx_word' id='word_1_25' title='bbox 1030 467 1070 506; x_wconf 91' lang='lat' dir='ltr'><strong>in</strong></span> <span class='ocrx_word' id='word_1_26' title='bbox 1099 468 1236 508; x_wconf 74' lang='lat' dir='ltr'><strong>altero‘</strong></span> <span class='ocrx_word' id='word_1_27' title='bbox 1265 467 1478 520; x_wconf 83' lang='lat' dir='ltr'><strong>reperitur.</strong></span> <span class='ocrx_word' id='word_1_28' title='bbox 1524 466 1623 504; x_wconf 83' lang='lat' dir='ltr'><strong>Haec</strong></span> 
     </span>
     <span class='ocr_line' id='line_1_6' title="bbox 737 519 1629 568; baseline 0 -10"><span class='ocrx_word' id='word_1_29' title='bbox 737 519 928 568; x_wconf 78' lang='lat' dir='ltr'><strong>variant3</strong></span> <span class='ocrx_word' id='word_1_30' title='bbox 955 533 1044 560; x_wconf 87' lang='lat' dir='ltr'><strong>nam</strong></span> <span class='ocrx_word' id='word_1_31' title='bbox 1073 523 1114 562; x_wconf 88' lang='lat' dir='ltr'><strong>in</strong></span> <span class='ocrx_word' id='word_1_32' title='bbox 1139 523 1225 563; x_wconf 84' lang='lat' dir='ltr'><strong>aliis</strong></span> <span class='ocrx_word' id='word_1_33' title='bbox 1253 522 1326 562; x_wconf 85' lang='lat' dir='ltr'><strong>alae</strong></span> <span class='ocrx_word' id='word_1_34' title='bbox 1362 521 1450 560; x_wconf 88' lang='lat' dir='ltr'><strong>sunt</strong></span> <span class='ocrx_word' id='word_1_35' title='bbox 1483 531 1629 559; x_wconf 64' lang='lat' dir='ltr'><strong>macu-</strong></span> 
     </span>
     <span class='ocr_line' id='line_1_7' title="bbox 734 572 1624 622; baseline -0.003 -8"><span class='ocrx_word' id='word_1_36' title='bbox 734 572 828 614; x_wconf 87' lang='lat' dir='ltr'><strong>latae</strong></span> <span class='ocrx_word' id='word_1_37' title='bbox 843 603 856 622; x_wconf 95' lang='lat'>,</span> <span class='ocrx_word' id='word_1_38' title='bbox 876 575 917 612; x_wconf 89' lang='lat' dir='ltr'><strong>in</strong></span> <span class='ocrx_word' id='word_1_39' title='bbox 936 574 1071 616; x_wconf 86' lang='lat' dir='ltr'><strong>alteris</strong></span> <span class='ocrx_word' id='word_1_40' title='bbox 1090 577 1353 618; x_wconf 79' lang='lat' dir='ltr'><strong>immaculatae</strong></span> <span class='ocrx_word' id='word_1_41' title='bbox 1377 575 1557 614; x_wconf 86' lang='lat' dir='ltr'><strong>ultimum</strong></span> <span class='ocrx_word' id='word_1_42' title='bbox 1581 574 1624 612; x_wconf 84' lang='lat' dir='ltr'><strong>in</strong></span> 
     </span>
     <span class='ocr_line' id='line_1_8' title="bbox 733 629 1624 684; baseline -0.001 -17"><span class='ocrx_word' id='word_1_43' title='bbox 733 638 767 668; x_wconf 81' lang='lat' dir='ltr'><strong>t.</strong></span> <span class='ocrx_word' id='word_1_44' title='bbox 784 638 857 668; x_wconf 62' lang='grc' dir='ltr'><strong>αἱ,</strong></span> <span class='ocrx_word' id='word_1_45' title='bbox 875 629 976 678; x_wconf 78' lang='lat' dir='ltr'><em>Roes.</em></span> <span class='ocrx_word' id='word_1_46' title='bbox 989 630 1043 671; x_wconf 92' lang='lat' dir='ltr'><strong>D.</strong></span> <span class='ocrx_word' id='word_1_47' title='bbox 1064 633 1206 684; x_wconf 65' lang='lat' dir='ltr'><strong>pidfflm</strong></span> <span class='ocrx_word' id='word_1_48' title='bbox 1225 632 1279 672; x_wconf 90' lang='lat' dir='ltr'><strong>est</strong></span> <span class='ocrx_word' id='word_1_49' title='bbox 1306 630 1624 683; x_wconf 84' lang='lat' dir='ltr'><strong>descriptumque</strong></span> 
     </span>
     <span class='ocr_line' id='line_1_9' title="bbox 734 683 1627 736; baseline -0.001 -13"><span class='ocrx_word' id='word_1_50' title='bbox 734 683 777 723; x_wconf 89' lang='lat' dir='ltr'><strong>in</strong></span> <span class='ocrx_word' id='word_1_51' title='bbox 809 684 903 736; x_wconf 69' lang='lat' dir='ltr'><strong>ijsl.</strong></span> <span class='ocrx_word' id='word_1_52' title='bbox 942 697 1026 725; x_wconf 72' lang='lat' dir='ltr'><strong>nat.</strong></span> <span class='ocrx_word' id='word_1_53' title='bbox 1070 689 1124 725; x_wconf 89' lang='lat' dir='ltr'><strong>In·</strong></span> <span class='ocrx_word' id='word_1_54' title='bbox 1153 688 1337 726; x_wconf 87' lang='lat' dir='ltr'><strong>omnibus</strong></span> <span class='ocrx_word' id='word_1_55' title='bbox 1375 686 1436 725; x_wconf 84' lang='lat' dir='ltr'><strong>his</strong></span> <span class='ocrx_word' id='word_1_56' title='bbox 1468 684 1627 724; x_wconf 82' lang='lat' dir='ltr'><strong>duobus</strong></span> 
     </span>
     <span class='ocr_line' id='line_1_10' title="bbox 735 740 1692 793; baseline -0.001 -16"><span class='ocrx_word' id='word_1_57' title='bbox 735 749 920 778; x_wconf 67' lang='lat' dir='ltr'><strong>antenna</strong></span> <span class='ocrx_word' id='word_1_58' title='bbox 946 740 1092 793; x_wconf 85' lang='lat' dir='ltr'><strong>nigrae,</strong></span> <span class='ocrx_word' id='word_1_59' title='bbox 1116 740 1450 781; x_wconf 79' lang='lat' dir='ltr'><strong>flavo-annulatae</strong></span> <span class='ocrx_word' id='word_1_60' title='bbox 1467 770 1480 789; x_wconf 90' lang='lat'><em>‚</em></span> <span class='ocrx_word' id='word_1_61' title='bbox 1506 749 1626 778; x_wconf 84' lang='lat' dir='ltr'><strong>venae</strong></span> <span class='ocrx_word' id='word_1_62' title='bbox 1688 784 1692 785; x_wconf 18' lang='lat'><em>⁷</em></span> 
     </span>
     <span class='ocr_line' id='line_1_11' title="bbox 737 792 1624 847; baseline -0.001 -15"><span class='ocrx_word' id='word_1_63' title='bbox 737 792 888 832; x_wconf 80' lang='lat' dir='ltr'><strong>alarum</strong></span> <span class='ocrx_word' id='word_1_64' title='bbox 913 796 1146 847; x_wconf 81' lang='lat' dir='ltr'><strong>variegatae.</strong></span> <span class='ocrx_word' id='word_1_65' title='bbox 1173 795 1334 835; x_wconf 73' lang='lat' dir='ltr'><strong>Thorax</strong></span> <span class='ocrx_word' id='word_1_66' title='bbox 1369 797 1484 847; x_wconf 85' lang='lat' dir='ltr'>niger</span> <span class='ocrx_word' id='word_1_67' title='bbox 1514 794 1624 833; x_wconf 88' lang='lat' dir='ltr'><strong>flavo</strong></span> 
     </span>
     <span class='ocr_line' id='line_1_12' title="bbox 738 847 1628 900; baseline 0 -13"><span class='ocrx_word' id='word_1_68' title='bbox 738 847 913 888; x_wconf 87' lang='lat' dir='ltr'><strong>lineatus</strong></span> <span class='ocrx_word' id='word_1_69' title='bbox 956 858 1024 889; x_wconf 85' lang='lat' dir='ltr'><strong>aut</strong></span> <span class='ocrx_word' id='word_1_70' title='bbox 1061 850 1311 900; x_wconf 79' lang='lat' dir='ltr'><strong>maculatus3</strong></span> <span class='ocrx_word' id='word_1_71' title='bbox 1352 849 1418 889; x_wconf 88' lang='lat' dir='ltr'><strong>sed</strong></span> <span class='ocrx_word' id='word_1_72' title='bbox 1462 863 1551 889; x_wconf 89' lang='lat' dir='ltr'><strong>cum</strong></span> <span class='ocrx_word' id='word_1_73' title='bbox 1585 851 1628 887; x_wconf 80' lang='lat' dir='ltr'><strong>in</strong></span> 
     </span>
     <span class='ocr_line' id='line_1_13' title="bbox 734 902 1629 958; baseline -0.003 -15"><span class='ocrx_word' id='word_1_74' title='bbox 734 904 953 944; x_wconf 81' lang='lat' dir='ltr'><strong>numerosis</strong></span> <span class='ocrx_word' id='word_1_75' title='bbox 974 904 1119 944; x_wconf 78' lang='lat' dir='ltr'><strong>nostris</strong></span> <span class='ocrx_word' id='word_1_76' title='bbox 1142 904 1419 958; x_wconf 81' lang='lat' dir='ltr'><strong>speciminibus</strong></span> <span class='ocrx_word' id='word_1_77' title='bbox 1438 934 1450 953; x_wconf 91' lang='lat'>‚</span> <span class='ocrx_word' id='word_1_78' title='bbox 1473 902 1629 943; x_wconf 74' lang='lat' dir='ltr'><strong>macula</strong></span> 
     </span>
     <span class='ocr_line' id='line_1_14' title="bbox 735 956 1628 1014; baseline -0.002 -16"><span class='ocrx_word' id='word_1_79' title='bbox 735 959 966 1013; x_wconf 85' lang='lat' dir='ltr'><strong>marginalis</strong></span> <span class='ocrx_word' id='word_1_80' title='bbox 1007 962 1131 1014; x_wconf 85' lang='lat' dir='ltr'><strong>magis</strong></span> <span class='ocrx_word' id='word_1_81' title='bbox 1161 960 1337 999; x_wconf 68' lang='lat' dir='ltr'><strong>minusve</strong></span> <span class='ocrx_word' id='word_1_82' title='bbox 1377 959 1422 998; x_wconf 79' lang='lat' dir='ltr'><strong>sit</strong></span> <span class='ocrx_word' id='word_1_83' title='bbox 1462 956 1628 1010; x_wconf 86' lang='lat' dir='ltr'><strong>conspi-</strong></span> 
     </span>
     <span class='ocr_line' id='line_1_15' title="bbox 733 1013 1627 1065; baseline -0.002 -12"><span class='ocrx_word' id='word_1_84' title='bbox 733 1026 812 1053; x_wconf 86' lang='lat' dir='ltr'><strong>cua</strong></span> <span class='ocrx_word' id='word_1_85' title='bbox 842 1015 881 1054; x_wconf 72' lang='grc' dir='ltr'><strong>ὅ(</strong></span> <span class='ocrx_word' id='word_1_86' title='bbox 913 1014 1127 1065; x_wconf 86' lang='lat' dir='ltr'><strong>aliquoties</strong></span> <span class='ocrx_word' id='word_1_87' title='bbox 1163 1015 1248 1055; x_wconf 90' lang='lat' dir='ltr'><strong>fere</strong></span> <span class='ocrx_word' id='word_1_88' title='bbox 1285 1015 1520 1054; x_wconf 84' lang='lat' dir='ltr'><strong>oblitterata</strong></span> <span class='ocrx_word' id='word_1_89' title='bbox 1550 1013 1594 1052; x_wconf 85' lang='lat' dir='ltr'><strong>fit</strong></span> <span class='ocrx_word' id='word_1_90' title='bbox 1614 1042 1627 1060; x_wconf 84' lang='lat'><strong>‚</strong></span> 
     </span>
     <span class='ocr_line' id='line_1_16' title="bbox 734 1067 1628 1115; baseline -0.003 -7"><span class='ocrx_word' id='word_1_91' title='bbox 734 1081 828 1108; x_wconf 85' lang='lat' dir='ltr'><strong>cum</strong></span> <span class='ocrx_word' id='word_1_92' title='bbox 874 1082 923 1108; x_wconf 86' lang='lat' dir='ltr'><strong>ex</strong></span> <span class='ocrx_word' id='word_1_93' title='bbox 966 1069 1089 1109; x_wconf 80' lang='lat' dir='ltr'><strong>larvis</strong></span> <span class='ocrx_word' id='word_1_94' title='bbox 1138 1070 1272 1109; x_wconf 84' lang='lat' dir='ltr'><strong>iisdem</strong></span> <span class='ocrx_word' id='word_1_95' title='bbox 1293 1098 1305 1115; x_wconf 90' lang='lat'><em>,</em></span> <span class='ocrx_word' id='word_1_96' title='bbox 1349 1069 1435 1108; x_wconf 81' lang='lat' dir='ltr'><strong>haec</strong></span> <span class='ocrx_word' id='word_1_97' title='bbox 1483 1067 1628 1107; x_wconf 58' lang='lat' dir='ltr'><strong>insecta</strong></span> 
     </span>
     <span class='ocr_line' id='line_1_17' title="bbox 741 1122 1639 1177; baseline 0 -15"><span class='ocrx_word' id='word_1_98' title='bbox 741 1132 838 1162; x_wconf 88' lang='lat' dir='ltr'><strong>nata</strong></span> <span class='ocrx_word' id='word_1_99' title='bbox 882 1124 988 1173; x_wconf 83' lang='lat' dir='ltr'><strong>sint,</strong></span> <span class='ocrx_word' id='word_1_100' title='bbox 1036 1137 1111 1177; x_wconf 90' lang='lat' dir='ltr'><strong>pro</strong></span> <span class='ocrx_word' id='word_1_101' title='bbox 1158 1133 1234 1164; x_wconf 76' lang='lat' dir='ltr'><strong>[ma</strong></span> <span class='ocrx_word' id='word_1_102' title='bbox 1262 1126 1299 1165; x_wconf 61' lang='grc' dir='ltr'><strong>ὅ(</strong></span> <span class='ocrx_word' id='word_1_103' title='bbox 1326 1126 1463 1164; x_wconf 83' lang='lat' dir='ltr'><strong>eadem</strong></span> <span class='ocrx_word' id='word_1_104' title='bbox 1500 1122 1639 1175; x_wconf 44' lang='lat' dir='ltr'><strong>specie*</strong></span> 
     </span>
     <span class='ocr_line' id='line_1_18' title="bbox 738 1177 1634 1228; baseline -0.002 -11"><span class='ocrx_word' id='word_1_105' title='bbox 738 1177 1005 1228; x_wconf 79' lang='lat' dir='ltr'><strong>habebimus;</strong></span> <span class='ocrx_word' id='word_1_106' title='bbox 1046 1179 1113 1219; x_wconf 90' lang='lat' dir='ltr'><strong>sed</strong></span> <span class='ocrx_word' id='word_1_107' title='bbox 1152 1180 1193 1218; x_wconf 89' lang='lat' dir='ltr'><strong>in</strong></span> <span class='ocrx_word' id='word_1_108' title='bbox 1223 1179 1353 1218; x_wconf 72' lang='lat' dir='ltr'><strong>Gallia</strong></span> <span class='ocrx_word' id='word_1_109' title='bbox 1382 1177 1492 1217; x_wconf 82' lang='lat' dir='ltr'><strong>Aust.</strong></span> <span class='ocrx_word' id='word_1_110' title='bbox 1515 1179 1634 1216; x_wconf 79' lang='lat' dir='ltr'><strong>datur</strong></span> 
     </span>
     <span class='ocr_line' id='line_1_19' title="bbox 738 1230 1636 1289; baseline -0.002 -17"><span class='ocrx_word' id='word_1_111' title='bbox 738 1233 868 1273; x_wconf 83' lang='lat' dir='ltr'><strong>altera</strong></span> <span class='ocrx_word' id='word_1_112' title='bbox 895 1233 1047 1287; x_wconf 81' lang='lat' dir='ltr'><strong>species</strong></span> <span class='ocrx_word' id='word_1_113' title='bbox 1079 1233 1400 1289; x_wconf 72' lang='lat' dir='ltr'><strong>praecedentibus</strong></span> <span class='ocrx_word' id='word_1_114' title='bbox 1430 1244 1530 1271; x_wconf 77' lang='lat' dir='ltr'><strong>vere</strong></span> <span class='ocrx_word' id='word_1_115' title='bbox 1557 1230 1636 1270; x_wconf 85' lang='lat' dir='ltr'><strong>dis-</strong></span> 
     </span>
     <span class='ocr_line' id='line_1_20' title="bbox 736 1285 1637 1342; baseline -0.003 -15"><span class='ocrx_word' id='word_1_116' title='bbox 736 1288 877 1329; x_wconf 58' lang='lat' dir='ltr'><strong>tinea.</strong></span> <span class='ocrx_word' id='word_1_117' title='bbox 906 1289 1107 1329; x_wconf 78' lang='lat' dir='ltr'><strong>Antennae</strong></span> <span class='ocrx_word' id='word_1_118' title='bbox 1148 1300 1233 1342; x_wconf 82' lang='lat' dir='ltr'><strong>quae</strong></span> <span class='ocrx_word' id='word_1_119' title='bbox 1262 1286 1469 1341; x_wconf 66' lang='lat' dir='ltr'><strong>longiores</strong></span> <span class='ocrx_word' id='word_1_120' title='bbox 1506 1285 1597 1326; x_wconf 89' lang='lat' dir='ltr'><strong>sunt</strong></span> <span class='ocrx_word' id='word_1_121' title='bbox 1623 1315 1637 1334; x_wconf 75' lang='grc'>,</span> 
     </span>
     <span class='ocr_line' id='line_1_21' title="bbox 739 1341 1636 1397; baseline -0.003 -15"><span class='ocrx_word' id='word_1_122' title='bbox 739 1356 817 1383; x_wconf 90' lang='lat' dir='ltr'><strong>nec</strong></span> <span class='ocrx_word' id='word_1_123' title='bbox 856 1345 1008 1397; x_wconf 71' lang='lat' dir='ltr'><strong>nigrae,</strong></span> <span class='ocrx_word' id='word_1_124' title='bbox 1043 1354 1123 1385; x_wconf 53' lang='lat' dir='ltr'><strong>necv</strong></span> <span class='ocrx_word' id='word_1_125' title='bbox 1153 1344 1262 1383; x_wconf 87' lang='lat' dir='ltr'><strong>flavo</strong></span> <span class='ocrx_word' id='word_1_126' title='bbox 1296 1343 1511 1382; x_wconf 84' lang='lat' dir='ltr'><strong>annulatae.</strong></span> <span class='ocrx_word' id='word_1_127' title='bbox 1537 1341 1636 1379; x_wconf 70' lang='lat' dir='ltr'><strong>Alae</strong></span> 
     </span>
     <span class='ocr_line' id='line_1_22' title="bbox 738 1396 1638 1448; baseline -0.002 -11"><span class='ocrx_word' id='word_1_128' title='bbox 738 1400 907 1438; x_wconf 89' lang='lat' dir='ltr'><strong>omnino</strong></span> <span class='ocrx_word' id='word_1_129' title='bbox 953 1399 1244 1448; x_wconf 71' lang='lat' dir='ltr'><strong>immaculatae,</strong></span> <span class='ocrx_word' id='word_1_130' title='bbox 1285 1398 1422 1438; x_wconf 83' lang='lat' dir='ltr'><strong>nervis</strong></span> <span class='ocrx_word' id='word_1_131' title='bbox 1458 1396 1600 1436; x_wconf 85' lang='lat' dir='ltr'><strong>albidis</strong></span> <span class='ocrx_word' id='word_1_132' title='bbox 1623 1425 1638 1444; x_wconf 90' lang='lat'><strong>‚</strong></span> 
     </span>
     <span class='ocr_line' id='line_1_23' title="bbox 741 1452 1637 1508; baseline -0.001 -18"><span class='ocrx_word' id='word_1_133' title='bbox 741 1454 904 1494; x_wconf 87' lang='lat' dir='ltr'><strong>minime</strong></span> <span class='ocrx_word' id='word_1_134' title='bbox 950 1455 1183 1508; x_wconf 79' lang='lat' dir='ltr'><strong>variegatis.</strong></span> <span class='ocrx_word' id='word_1_135' title='bbox 1221 1453 1431 1492; x_wconf 79' lang='lat' dir='ltr'><strong>Abdomen</strong></span> <span class='ocrx_word' id='word_1_136' title='bbox 1478 1452 1637 1505; x_wconf 87' lang='lat' dir='ltr'><strong>nigrum</strong></span> 
     </span>
     <span class='ocr_line' id='line_1_24' title="bbox 740 1507 1640 1560; baseline -0.002 -13"><span class='ocrx_word' id='word_1_137' title='bbox 740 1507 888 1560; x_wconf 83' lang='lat' dir='ltr'><strong>absque</strong></span> <span class='ocrx_word' id='word_1_138' title='bbox 944 1509 1101 1548; x_wconf 87' lang='lat' dir='ltr'><strong>annulis</strong></span> <span class='ocrx_word' id='word_1_139' title='bbox 1146 1509 1275 1549; x_wconf 87' lang='lat' dir='ltr'><strong>flavis.</strong></span> <span class='ocrx_word' id='word_1_140' title='bbox 1321 1508 1446 1546; x_wconf 82' lang='lat' dir='ltr'><strong>Pedes</strong></span> <span class='ocrx_word' id='word_1_141' title='bbox 1497 1519 1640 1547; x_wconf 75' lang='lat' dir='ltr'><strong>omnes</strong></span> 
     </span>
     <span class='ocr_line' id='line_1_25' title="bbox 741 1562 1639 1617; baseline -0.001 -16"><span class='ocrx_word' id='word_1_142' title='bbox 741 1562 921 1604; x_wconf 87' lang='lat' dir='ltr'><strong>testacei.</strong></span> <span class='ocrx_word' id='word_1_143' title='bbox 946 1564 1108 1617; x_wconf 82' lang='lat' dir='ltr'><strong>Species</strong></span> <span class='ocrx_word' id='word_1_144' title='bbox 1139 1578 1226 1616; x_wconf 89' lang='lat' dir='ltr'><strong>quae</strong></span> <span class='ocrx_word' id='word_1_145' title='bbox 1243 1563 1300 1603; x_wconf 90' lang='lat' dir='ltr'><strong>D.</strong></span> <span class='ocrx_word' id='word_1_146' title='bbox 1321 1563 1486 1601; x_wconf 79' lang='lat' dir='ltr'><strong>Reaum.</strong></span> <span class='ocrx_word' id='word_1_147' title='bbox 1510 1577 1551 1601; x_wconf 84' lang='grc' dir='ltr'><strong>η.</strong></span> <span class='ocrx_word' id='word_1_148' title='bbox 1572 1571 1639 1612; x_wconf 88' lang='lat'><strong>14.</strong></span> 
     </span>
     <span class='ocr_line' id='line_1_26' title="bbox 741 1616 1640 1672; baseline -0.001 -16"><span class='ocrx_word' id='word_1_149' title='bbox 741 1630 771 1656; x_wconf 81' lang='lat' dir='ltr'><strong>t.</strong></span> <span class='ocrx_word' id='word_1_150' title='bbox 790 1628 856 1672; x_wconf 87' lang='lat'><strong>34.</strong></span> <span class='ocrx_word' id='word_1_151' title='bbox 877 1631 971 1659; x_wconf 77' lang='lat' dir='ltr'><strong>torn.</strong></span> <span class='ocrx_word' id='word_1_152' title='bbox 991 1618 1030 1658; x_wconf 83' lang='lat'><strong>6.</strong></span> <span class='ocrx_word' id='word_1_153' title='bbox 1061 1619 1257 1672; x_wconf 86' lang='lat' dir='ltr'><strong>descripta</strong></span> <span class='ocrx_word' id='word_1_154' title='bbox 1279 1617 1332 1658; x_wconf 86' lang='lat' dir='ltr'><strong>est</strong></span> <span class='ocrx_word' id='word_1_155' title='bbox 1360 1617 1476 1658; x_wconf 88' lang='lat' dir='ltr'><strong>valde</strong></span> <span class='ocrx_word' id='word_1_156' title='bbox 1495 1616 1640 1656; x_wconf 77' lang='lat' dir='ltr'><strong>affinis,</strong></span> 
     </span>
     <span class='ocr_line' id='line_1_27' title="bbox 687 1671 1640 1723; baseline -0.001 -12"><span class='ocrx_word' id='word_1_157' title='bbox 687 1671 780 1723; x_wconf 79' lang='lat' dir='ltr'><strong>Obs.</strong></span> <span class='ocrx_word' id='word_1_158' title='bbox 824 1673 873 1712; x_wconf 85' lang='lat' dir='ltr'><strong>In</strong></span> <span class='ocrx_word' id='word_1_159' title='bbox 915 1673 1043 1714; x_wconf 72' lang='lat' dir='ltr'><strong>Faicrz.</strong></span> <span class='ocrx_word' id='word_1_160' title='bbox 1078 1676 1187 1723; x_wconf 83' lang='lat' dir='ltr'><strong>suec.</strong></span> <span class='ocrx_word' id='word_1_161' title='bbox 1235 1675 1342 1713; x_wconf 87' lang='lat' dir='ltr'><strong>inter</strong></span> <span class='ocrx_word' id='word_1_162' title='bbox 1382 1672 1640 1712; x_wconf 79' lang='lat' dir='ltr'><strong>hemerobios</strong></span> 
     </span>
     <span class='ocr_line' id='line_1_28' title="bbox 744 1727 1640 1781; baseline -0.003 -13"><span class='ocrx_word' id='word_1_163' title='bbox 744 1729 974 1768; x_wconf 87' lang='lat' dir='ltr'><strong>ordinatum</strong></span> <span class='ocrx_word' id='word_1_164' title='bbox 1006 1728 1138 1769; x_wconf 85' lang='lat' dir='ltr'><strong>fuerat</strong></span> <span class='ocrx_word' id='word_1_165' title='bbox 1164 1729 1244 1769; x_wconf 93' lang='lat' dir='ltr'><strong>hoc</strong></span> <span class='ocrx_word' id='word_1_166' title='bbox 1270 1728 1511 1781; x_wconf 83' lang='lat' dir='ltr'><strong>myrmiieon</strong></span> <span class='ocrx_word' id='word_1_167' title='bbox 1561 1727 1640 1766; x_wconf 89' lang='lat' dir='ltr'><strong>ibi-</strong></span> 
     </span>
     <span class='ocr_line' id='line_1_29' title="bbox 744 1781 1641 1837; baseline -0.002 -14"><span class='ocrx_word' id='word_1_168' title='bbox 744 1786 915 1835; x_wconf 87' lang='lat' dir='ltr'><strong>demque</strong></span> <span class='ocrx_word' id='word_1_169' title='bbox 963 1784 1076 1824; x_wconf 85' lang='lat' dir='ltr'><strong>larva</strong></span> <span class='ocrx_word' id='word_1_170' title='bbox 1102 1786 1253 1837; x_wconf 87' lang='lat' dir='ltr'><strong>optime</strong></span> <span class='ocrx_word' id='word_1_171' title='bbox 1302 1782 1497 1836; x_wconf 86' lang='lat' dir='ltr'><strong>descripta</strong></span> <span class='ocrx_word' id='word_1_172' title='bbox 1547 1781 1641 1821; x_wconf 82' lang='lat' dir='ltr'><strong>fuit.</strong></span> 
     </span>
     <span class='ocr_line' id='line_1_30' title="bbox 742 1837 1641 1892; baseline -0.003 -15"><span class='ocrx_word' id='word_1_173' title='bbox 742 1839 1033 1892; x_wconf 85' lang='lat' dir='ltr'><strong>Magnitudine</strong></span> <span class='ocrx_word' id='word_1_174' title='bbox 1052 1852 1208 1879; x_wconf 82' lang='lat' dir='ltr'><strong>araneae</strong></span> <span class='ocrx_word' id='word_1_175' title='bbox 1229 1839 1405 1877; x_wconf 71' lang='lat' dir='ltr'><strong>cinerea.</strong></span> <span class='ocrx_word' id='word_1_176' title='bbox 1430 1837 1641 1876; x_wconf 83' lang='lat' dir='ltr'><strong>Abdomen</strong></span> 
     </span>
     <span class='ocr_line' id='line_1_31' title="bbox 745 1892 1642 1947; baseline -0.003 -14"><span class='ocrx_word' id='word_1_177' title='bbox 745 1905 934 1947; x_wconf 86' lang='lat' dir='ltr'><strong>magnum</strong></span> <span class='ocrx_word' id='word_1_178' title='bbox 952 1924 964 1942; x_wconf 94' lang='lat'><strong>‚</strong></span> <span class='ocrx_word' id='word_1_179' title='bbox 1001 1904 1167 1933; x_wconf 87' lang='lat' dir='ltr'><strong>ovatum</strong></span> <span class='ocrx_word' id='word_1_180' title='bbox 1189 1924 1201 1943; x_wconf 93' lang='lat'>,</span> <span class='ocrx_word' id='word_1_181' title='bbox 1239 1892 1396 1946; x_wconf 84' lang='lat' dir='ltr'><strong>papillis</strong></span> <span class='ocrx_word' id='word_1_182' title='bbox 1443 1892 1606 1945; x_wconf 83' lang='lat' dir='ltr'><strong>hispidis</strong></span> <span class='ocrx_word' id='word_1_183' title='bbox 1628 1921 1642 1940; x_wconf 91' lang='lat'>‚</span> 
     </span>
     <span class='ocr_line' id='line_1_32' title="bbox 750 1948 1642 2002; baseline -0.003 -14"><span class='ocrx_word' id='word_1_184' title='bbox 750 1956 769 1996; x_wconf 87' lang='lat'>5</span> <span class='ocrx_word' id='word_1_185' title='bbox 805 1949 991 1988; x_wconf 87' lang='lat' dir='ltr'><strong>ordinum</strong></span> <span class='ocrx_word' id='word_1_186' title='bbox 1011 1979 1023 1998; x_wconf 91' lang='lat'><strong>,</strong></span> <span class='ocrx_word' id='word_1_187' title='bbox 1050 1948 1401 2002; x_wconf 76' lang='lat' dir='ltr'><strong>longitudinaliter</strong></span> <span class='ocrx_word' id='word_1_188' title='bbox 1442 1957 1642 1987; x_wconf 65' lang='lat' dir='ltr'><strong>notatum,</strong></span> 
     </span>
     <span class='ocr_line' id='line_1_33' title="bbox 744 1994 1639 2056; baseline -0.003 -13"><span class='ocrx_word' id='word_1_189' title='bbox 744 2002 912 2044; x_wconf 70' lang='lat' dir='ltr'><strong>Thorax</strong></span> <span class='ocrx_word' id='word_1_190' title='bbox 941 2003 1139 2056; x_wconf 85' lang='lat' dir='ltr'><strong>angustus.</strong></span> <span class='ocrx_word' id='word_1_191' title='bbox 1173 2003 1229 2043; x_wconf 80' lang='lat' dir='ltr'><strong>Os</strong></span> <span class='ocrx_word' id='word_1_192' title='bbox 1253 1994 1409 2056; x_wconf 77' lang='lat' dir='ltr'><strong>forcipe</strong></span> <span class='ocrx_word' id='word_1_193' title='bbox 1439 2003 1563 2056; x_wconf 88' lang='lat' dir='ltr'><strong>longa</strong></span> <span class='ocrx_word' id='word_1_194' title='bbox 1590 2004 1639 2041; x_wconf 88' lang='lat' dir='ltr'><strong>ad</strong></span> 
     </span>
     <span class='ocr_line' id='line_1_34' title="bbox 745 2057 1641 2111; baseline -0.003 -13"><span class='ocrx_word' id='word_1_195' title='bbox 745 2059 900 2111; x_wconf 83' lang='lat' dir='ltr'><strong>apicem</strong></span> <span class='ocrx_word' id='word_1_196' title='bbox 943 2060 1227 2108; x_wconf 84' lang='lat' dir='ltr'><strong>connivente;</strong></span> <span class='ocrx_word' id='word_1_197' title='bbox 1278 2057 1426 2111; x_wconf 78' lang='lat' dir='ltr'><strong>singula</strong></span> <span class='ocrx_word' id='word_1_198' title='bbox 1471 2058 1641 2097; x_wconf 78' lang='lat' dir='ltr'><strong>maxima</strong></span> 
     </span>
     <span class='ocr_line' id='line_1_35' title="bbox 745 2112 1644 2168; baseline -0.002 -15"><span class='ocrx_word' id='word_1_199' title='bbox 745 2114 876 2154; x_wconf 89' lang='lat' dir='ltr'><strong>tribus</strong></span> <span class='ocrx_word' id='word_1_200' title='bbox 922 2115 1139 2160; x_wconf 86' lang='lat' dir='ltr'><strong>dentibus,</strong></span> <span class='ocrx_word' id='word_1_201' title='bbox 1181 2122 1328 2168; x_wconf 82' lang='lat' dir='ltr'><strong>praeter</strong></span> <span class='ocrx_word' id='word_1_202' title='bbox 1368 2112 1529 2165; x_wconf 85' lang='lat' dir='ltr'><strong>apices,</strong></span> <span class='ocrx_word' id='word_1_203' title='bbox 1574 2125 1644 2151; x_wconf 91' lang='lat' dir='ltr'><strong>ar-</strong></span> 
     </span>
     <span class='ocr_line' id='line_1_36' title="bbox 745 2166 1644 2222; baseline -0.003 -14"><span class='ocrx_word' id='word_1_204' title='bbox 745 2178 884 2215; x_wconf 86' lang='lat' dir='ltr'><strong>mata,</strong></span> <span class='ocrx_word' id='word_1_205' title='bbox 926 2170 1118 2220; x_wconf 87' lang='lat' dir='ltr'><strong>utrinque</strong></span> <span class='ocrx_word' id='word_1_206' title='bbox 1168 2168 1319 2222; x_wconf 76' lang='lat' dir='ltr'><strong>pilosae.</strong></span> <span class='ocrx_word' id='word_1_207' title='bbox 1361 2168 1488 2206; x_wconf 83' lang='lat' dir='ltr'><strong>Pedes</strong></span> <span class='ocrx_word' id='word_1_208' title='bbox 1535 2166 1644 2206; x_wconf 84' lang='lat' dir='ltr'><strong>albi-</strong></span> 
     </span>
     <span class='ocr_line' id='line_1_37' title="bbox 747 2222 1644 2277; baseline -0.002 -14"><span class='ocrx_word' id='word_1_209' title='bbox 747 2233 888 2264; x_wconf 84' lang='lat' dir='ltr'><strong>cantes</strong></span> <span class='ocrx_word' id='word_1_210' title='bbox 915 2254 928 2273; x_wconf 91' lang='lat'>‚</span> <span class='ocrx_word' id='word_1_211' title='bbox 982 2224 1125 2277; x_wconf 86' lang='lat' dir='ltr'><strong>quibus</strong></span> <span class='ocrx_word' id='word_1_212' title='bbox 1188 2225 1427 2277; x_wconf 86' lang='lat' dir='ltr'><strong>retrograde</strong></span> <span class='ocrx_word' id='word_1_213' title='bbox 1487 2222 1644 2262; x_wconf 75' lang='lat' dir='ltr'><strong>incedit</strong></span> 
     </span>
     <span class='ocr_line' id='line_1_38' title="bbox 749 2277 1645 2320; baseline -0.002 -1"><span class='ocrx_word' id='word_1_214' title='bbox 749 2278 868 2319; x_wconf 80' lang='lat' dir='ltr'><strong>instar</strong></span> <span class='ocrx_word' id='word_1_215' title='bbox 895 2279 1030 2320; x_wconf 90' lang='lat' dir='ltr'><strong>cancri</strong></span> <span class='ocrx_word' id='word_1_216' title='bbox 1057 2280 1094 2320; x_wconf 77' lang='grc' dir='ltr'><strong>δι</strong></span> <span class='ocrx_word' id='word_1_217' title='bbox 1121 2278 1335 2319; x_wconf 89' lang='lat' dir='ltr'><strong>abdomine</strong></span> <span class='ocrx_word' id='word_1_218' title='bbox 1370 2279 1570 2318; x_wconf 81' lang='lat' dir='ltr'><strong>cavitates</strong></span> <span class='ocrx_word' id='word_1_219' title='bbox 1606 2277 1645 2317; x_wconf 84' lang='lat'>&amp;</span> 
     </span>
     <span class='ocr_line' id='line_1_39' title="bbox 750 2332 1461 2386; baseline -0.003 -12"><span class='ocrx_word' id='word_1_220' title='bbox 750 2347 909 2374; x_wconf 86' lang='lat' dir='ltr'><strong>arenam</strong></span> <span class='ocrx_word' id='word_1_221' title='bbox 945 2333 1049 2375; x_wconf 85' lang='lat' dir='ltr'><strong>fodit</strong></span> <span class='ocrx_word' id='word_1_222' title='bbox 1071 2364 1084 2384; x_wconf 91' lang='lat'>‚</span> <span class='ocrx_word' id='word_1_223' title='bbox 1111 2332 1180 2375; x_wconf 89' lang='lat' dir='ltr'><strong>sub</strong></span> <span class='ocrx_word' id='word_1_224' title='bbox 1202 2344 1278 2386; x_wconf 79' lang='lat' dir='ltr'><strong>qua</strong></span> <span class='ocrx_word' id='word_1_225' title='bbox 1305 2334 1461 2373; x_wconf 85' lang='lat' dir='ltr'><strong>latebit.</strong></span> 
     </span>
     <span class='ocr_line' id='line_1_40' title="bbox 693 2386 1645 2444; baseline -0.004 -14"><span class='ocrx_word' id='word_1_226' title='bbox 693 2388 937 2444; x_wconf 84' lang='lat' dir='ltr'><strong>Phryganea</strong></span> <span class='ocrx_word' id='word_1_227' title='bbox 992 2389 1074 2442; x_wconf 82' lang='lat' dir='ltr'><strong>ipsa</strong></span> <span class='ocrx_word' id='word_1_228' title='bbox 1123 2391 1252 2443; x_wconf 88' lang='lat' dir='ltr'><strong>nigra.</strong></span> <span class='ocrx_word' id='word_1_229' title='bbox 1311 2389 1405 2428; x_wconf 82' lang='lat' dir='ltr'><strong>Alae</strong></span> <span class='ocrx_word' id='word_1_230' title='bbox 1454 2386 1645 2440; x_wconf 66' lang='lat' dir='ltr'><strong>oblongae</strong></span> 
     </span>
     <span class='ocr_line' id='line_1_41' title="bbox 752 2441 1647 2501; baseline -0.004 -14"><span class='ocrx_word' id='word_1_231' title='bbox 752 2444 929 2501; x_wconf 78' lang='lat' dir='ltr'><strong>hyalinae</strong></span> <span class='ocrx_word' id='word_1_232' title='bbox 943 2475 956 2500; x_wconf 91' lang='lat'>,</span> <span class='ocrx_word' id='word_1_233' title='bbox 977 2445 1095 2489; x_wconf 85' lang='lat' dir='ltr'><strong>venis</strong></span> <span class='ocrx_word' id='word_1_234' title='bbox 1120 2444 1240 2489; x_wconf 81' lang='lat' dir='ltr'><strong>fuscis</strong></span> <span class='ocrx_word' id='word_1_235' title='bbox 1263 2443 1487 2489; x_wconf 82' lang='lat' dir='ltr'><strong>reticulatae</strong></span> <span class='ocrx_word' id='word_1_236' title='bbox 1507 2457 1516 2484; x_wconf 92' lang='lat'>:</span> <span class='ocrx_word' id='word_1_237' title='bbox 1539 2441 1647 2485; x_wconf 84' lang='lat' dir='ltr'><strong>costa</strong></span> 
     </span>
    </p>
   </div>
  </div>
 </body>
</html>
