1737 2804
350 152 431 197 254
538 144 777 185 Iustcu
810 144 1264 186 HYMENOPTERA.
1291 144 1441 201 Sphexs

728 255 817 294 duae
838 251 952 293 flavae
968 254 1244 296 transversales
1264 255 1370 296 inter
1394 254 1488 296 alas.
1504 252 1597 296 Atae

722 306 996 348 flavescentes.
1037 309 1274 350 Abdominis
1311 312 1476 363 primum
1503 310 1597 365 seg-

725 369 901 402 mentum
925 364 1160 404 coarctatum
1174 395 1187 415 ‚
1204 365 1422 406 lateraliter
1443 365 1596 404 duobus

722 416 876 468 punctis
901 415 1180 459 lutescentibus
1205 429 1399 461 notatum.
1430 424 1475 461 In
1494 432 1598 472 qua-

720 480 815 510 tuor
879 470 1129 522 sequentibus
1188 473 1398 529 segmentis
1462 473 1597 515 annuli

723 524 825 564 lutei
860 525 902 564 in
933 525 1062 566 medio
1102 525 1185 570 fere
1220 530 1461 582 interrupti,
1503 530 1597 568 inde

722 580 816 620 otto
841 579 1005 620 maculae
1044 579 1163 620 luteae
1204 585 1406 636 adparent.
1447 583 1596 622 Subtus

723 632 940 675 rufescens.
985 634 1110 673 Pedes
1152 633 1263 678 lutei.
1309 638 1403 677 Alae
1450 638 1593 691 planae.

722 687 909 740 Maxillae
951 688 1029 731 fine
1076 688 1225 744 lingua.
1267 691 1379 733 Oculi
1419 694 1596 746 integri3

720 756 822 798 ergo
849 743 985 797 sphex.

343 856 559 898 Flavicor-
592 851 662 909 96.
691 853 731 895 S.
763 855 782 905 (
806 852 844 895 le
873 851 1128 905 flavicorne)
1154 856 1335 897 antennis
1360 854 1600 909 pedibusque

370 913 446 954 nis.
727 909 877 958 luteis,
919 908 1087 949 thorace
1133 909 1285 950 macula
1337 910 1441 950 flava
1481 911 1598 964 nigro

720 964 906 1019 punctam
922 991 936 1010 ‚
972 963 1184 1004 abdomine
1213 965 1305 1005 οᾶο
1326 963 1599 1019 fasciifflavis

722 1021 766 1060 in
799 1018 931 1060 medio
964 1017 1212 1072 interruptis.

669 1074 771 1114 Hab-
800 1075 840 1114 in
867 1075 1040 1127 Europa.
1077 1076 1122 1114 In
1155 1072 1286 1114 Gallia
1323 1073 1437 1117 Aust.
1468 1075 1601 1125 Prope

721 1127 963 1169 Nemausum
991 1136 1120 1182 capta.

668 1181 786 1235 Desit.
824 1184 992 1238 Magna.
1036 1182 1238 1223 Antennae
1287 1182 1420 1224 luteae.
1475 1180 1600 1233 Caput

721 1240 948 1291 &horaz-que
1003 1236 1230 1278 tomentoso
1288 1238 1440 1278 vellere
1488 1237 1606 1276 reeta.

720 1291 885 1334 Thorax
906 1323 919 1343 ‚
952 1293 1104 1333 macula
1131 1291 1234 1332 flava
1256 1292 1365 1332 fusco
1395 1291 1464 1332 vel
1488 1292 1606 1346 nigro

723 1349 767 1388 in
801 1347 933 1388 medio
981 1356 1136 1387 notata.
1170 1345 1377 1387 Abdomen
1418 1347 1571 1400 nigrum
1589 1374 1604 1394 ‚

723 1401 888 1442 maculis
918 1400 1010 1440 osto
1032 1400 1146 1442 flavis
1162 1429 1176 1447 ,
1205 1401 1388 1441 omnibus
1408 1402 1449 1441 in
1474 1400 1608 1439 medio

722 1455 974 1506 interruptis.
1013 1454 1110 1494 Alae
1145 1454 1436 1504 flavescentes,
1471 1455 1607 1496 abdo-

724 1510 831 1551 mine
872 1508 1095 1563 longiores-

399 1624 579 1665 Lineata.
610 1631 676 1676 97.
706 1620 748 1661 S.
779 1622 797 1672 (
824 1618 862 1660 le
895 1618 993 1673 raye
1018 1618 1038 1669 )
1070 1620 1254 1660 antennis
1285 1619 1476 1668 rubelus,
1501 1608 1602 1659 tho-

723 1688 817 1716 race
859 1674 982 1715 rubro
1013 1674 1133 1728 nigro
1171 1675 1350 1726 lineato,
1394 1674 1604 1715 abdomine

723 1729 956 1785 ferrugineo
975 1758 990 1779 ‚
1016 1727 1149 1769 fasciis
1186 1729 1320 1769 luteis.

670 1784 771 1825 Hab.
799 1785 838 1824 in
871 1786 1045 1836 Europa.
1081 1785 1127 1824 In
1153 1783 1283 1824 Gallia
1308 1784 1419 1825 Aust.

673 1840 788 1890 Dese.
815 1842 926 1879 Inter
953 1837 1125 1890 majores
1149 1837 1202 1878 est
1227 1838 1313 1879 haec
1339 1839 1461 1892 sphex
1478 1865 1492 1884 ,
1520 1850 1608 1890 quae

725 1908 802 1935 nec
854 1894 959 1933 inter
1011 1892 1296 1934 ichneumones
1315 1924 1329 1943 ‚
1376 1907 1452 1934 nec
1503 1893 1609 1932 inter

652 1992 654 1995 f
723 1949 863 2002 vespas
890 1948 1067 1988 ordinari
1092 1947 1251 2002 potest3
1278 1961 1368 1988 nam
1389 1962 1465 1988 nee
1497 1947 1606 1987 oculi

726 2005 886 2044 lunares
904 2032 916 2051 ‚
943 2016 1019 2043 nec
1045 2013 1307 2045 antennarum
1337 2002 1493 2044 articuli
1511 1999 1609 2041 ‘tre-

727 2059 858 2100 decim
889 2057 1008 2099 ultra.

884 2266 1149 2335 &659
