1737 2804
271 147 519 194 irs-stema
548 121 966 192 Nnunorrssnix.
990 148 1249 207 Phryganea.
1324 152 1377 208 ξς

492 263 602 302 tatis.
641 262 756 314 Req.
793 259 886 315 176.
915 283 940 292 -
967 259 1030 300 De
1063 259 1167 302 Geer
1209 273 1305 304 tom.
1340 273 1381 305 2¹.

489 332 530 367 p.
563 315 655 369 548.
696 328 725 357 r.
755 326 818 369 14.
847 317 885 371 f.
915 323 1046 366 1.-5.

440 370 544 413 Hah.
574 373 616 412 in
643 373 817 425 Europa.

168 480 333 536 ‘Nigro-
364 478 434 532 652
463 482 509 522 P.
542 484 561 533 (
586 480 644 522 les
670 493 868 521 nervures
893 480 1030 521 'noires
1054 481 1072 532 )
1102 482 1289 522 antennis
1319 483 1393 523 ni-

111 535 305 578 hervosa.
531 538 584 576 ris
601 566 613 586 ,
637 549 811 589 corpore
833 535 955 589 duplo
972 535 1222 589 longioribus
1235 567 1248 585 ‚
1267 537 1394 590 palpis

519 593 636 644 ongis
665 591 813 632 villofis
836 621 850 641 ‚
895 590 966 631 alis
1007 589 1120 632 fusco
1135 618 1157 625 -
1176 591 1357 632 testaceis
1375 613 1389 642 3

499 647 638 686 nervis
667 647 789 700 nigris
805 676 818 695 ,
845 644 973 687 oculis
1001 643 1254 700 ferrugineis.
1273 647 1388 698 Retp

502 700 599 754 178.
619 726 643 734 -
662 700 726 740 De
754 699 857 741 Geer
889 711 985 741 tom.
1009 711 1049 742 2.
1075 717 1120 754 p.
1149 700 1238 755 578.
1268 712 1300 743 t.
1327 705 1393 753 1'5.

460 757 537 808 NJf.
566 766 603 795 1.
625 779 650 786 -
669 765 708 809 9.

451 808 555 851 Hah.
586 812 627 851 in
653 813 828 864 Europa»

117 916 448 974 Cylindricar66.
484 922 532 960 P.
567 919 648 970 (la
690 919 944 972 cylindrique
975 921 995 970 3
1040 920 1217 975 oblonga
1263 922 1397 977 cylina

504 975 615 1013 drica
651 973 766 1025 nigra
783 994 798 1023 3
826 973 898 1011 alis
925 973 1043 1012 fuscis
1084 976 1201 1015 costis
1231 978 1355 1030 nigris
1382 998 1397 1030 3

503 1026 718 1120 gbdognirze
729 1025 1121 1134 7ῑυ1νοῖἓ9ῐηῗειὲἑ5
1150 1029 1400 1135 ἕεῒιθῐειὶὼιές

515 1095 843 1130 -1-r1...p.
955 1110 1025 1120 ..
1113 1095 1401 1129 ..71.

448 1095 572 1178 Hah.g
598 1136 639 1176 in
682 1137 858 1188 Europa.
911 1138 958 1175 In
995 1135 1126 1176 Gallia
1162 1115 1298 1179 Aust.’
1320 1139 1402 1182 fre-

506 1203 646 1243 quens.
673 1192 728 1231 V.

448 1244 1404 1358 ”fficffiffii'tss¹gff2i'0ae‘4‚¹‘{bd⁰5'1{2¹1'1‘1’{¹dufssic‘?

512 1355 722 1410 longiores
755 1386 768 1406 ‚
810 1356 947 1395 nervis
1000 1356 1138 1409 nigris.
1196 1358 1408 1400 Abdomer'z

510 1410 695 1460 fulvum,
744 1410 910 1450 maculis
965 1410 1091 1464 nigris
1156 1411 1406 1458 lateralibus.

512 1465 712 1506 Celeriter
739 1465 1043 1506 observatorem
1067 1465 1184 1519 fugit.

459 1519 547 1572 obss
593 1520 792 1561 Phalaenis
834 1521 939 1569 suu,
985 1519 1207 1572 ἢωξὶυτει,
1255 1523 1408 1567 alarum

508 1574 652 1617 colore
684 1576 803 1630 valde
831 1575 968 1615 affines
996 1575 1088 1615 sunt
1122 1578 1367 1632 phryganeae
1396 1596 1408 1622 ε

509 1643 533 1670 a
566 1631 701 1683 primis
732 1633 783 1671 ad
825 1639 1071 1682 neuroptera
1107 1632 1145 1672 &
1175 1632 1410 1689 hymenop-

508 1695 599 1726 tera
618 1714 629 1731 ‚
653 1685 734 1726 hoc
764 1698 915 1740 genere
949 1685 1116 1725 transire
1147 1688 1308 1729 videtur
1336 1703 1411 1731 na·-

507 1746 626 1790 mra3
666 1743 760 1780 inde
799 1753 916 1780 error
953 1739 1097 1780 facilis.
1126 1743 1221 1781 Alae
1251 1744 1410 1787 nihilo·-

511 1797 643 1835 minus
686 1809 764 1835 nec
807 1793 1030 1841 farinosae,
1071 1809 1147 1837 nec
1183 1799 1410 1851 diaphanae.

510 1850 676 1902 Insuper
712 1849 849 1903 lingua
878 1849 1011 1902 spirali
1044 1851 1307 1905 dentibusque
1334 1868 1411 1896 ca..

513 1914 622 1944 rent.
661 1904 727 1944 Ab
766 1904 942 1957 antiquis
982 1904 1051 1943 sub
1089 1908 1252 1947 nomine
1291 1909 1413 1960 ligni-

508 1960 644 2010 perdae
683 1959 861 2013 cognitae
908 1958 1107 2015 fuerunt,
1154 1961 1253 2005 licet
1293 1963 1414 2020 lignis

514 2013 709 2055 innoxiae.
748 2014 807 2055 D.
833 2014 880 2054 de
905 2012 1022 2056 Geer.

748 2147 880 2276 ᾗ
