1737 2804
339 152 584 193 lusae-rm
610 140 886 186 mrum.
896 145 1061 186 ·As11us.
1250 147 1334 204 r*603

440 257 569 315 taras
606 257 794 304 obtinet,
831 268 915 298 non
963 254 1088 310 quod
1118 255 1206 308 seq:
1202 256 1333 308 titur)

440 291 706 355 incrassatus.

518 424 582 463 Ex
618 423 744 465 Faun.
775 422 904 465 Fridr.

74 531 399 585 Maculatus.42.
431 535 483 574 A.
517 534 600 586 (le
637 534 886 584 trimacule)
931 533 1001 573 alis
1044 531 1300 572 trimacutaffis
1326 560 1344 579 ,.

465 589 676 630 abdomine
698 590 838 637 flavo,
863 589 1005 630 ultimo
1029 588 1232 643 segmento
1258 599 1343 625 ma-

463 643 637 696 culisque
674 646 811 699 nigris.

406 698 505 740 Hab.
531 699 572 738 in
601 702 775 752 Europa.

126 808 303 850 Medius.
334 818 402 864 43.
435 810 488 849 A.
520 812 537 861 (
561 808 601 849 le
632 823 781 862 moyen
807 810 825 859 )
858 809 1028 850 hirsutus
1053 809 1307 849 subcinereus
1331 837 1344 857 ,

468 863 539 904 alis
574 864 723 915 fuscis,
756 865 921 919 pedibus
959 866 1047 918 nigt
1051 865 1097 904 is.

412 918 512 958 Hah.
545 920 586 958 in
620 922 794 973 Europa.

120 1029 308 1091 Ignavus.
337 1039 406 1082 44.
438 1031 492 1069 A
528 1030 608 1080 (le
656 1029 898 1084 pareffeux)
947 1029 1018 1070 alis
1058 1027 1348 1073 immamus,

469 1084 678 1126 abdomine
715 1085 854 1135 ssavo,
900 1086 1025 1126 tribus
1071 1083 1227 1137 posticis
1263 1083 1350 1136 scg-

467 1141 614 1179 mentis
645 1142 782 1194 nigris.

418 1193 517 1232 Hah.
546 1195 587 1232 in
614 1197 787 1246 Europa.

571 1300 636 1340 Ex
666 1304 757 1353 nost.
787 1301 890 1352 M'ufi

89 1409 435 1463 Viridescens.45.
460 1412 513 1451 A.
545 1413 562 1462 (
588 1410 626 1450 le
656 1413 843 1452 verdfitre
869 1413 886 1461 )
939 1413 1052 1467 niger
1082 1442 1095 1461 ,
1146 1410 1354 1452 abdomine

472 1466 624 1506 vessere
659 1467 879 1506 virescente
906 1467 1082 1507 obtecto.

422 1520 524 1560 Hab.
552 1522 591 1560 in
623 1523 794 1573 Europa.
832 1524 874 1560 In
903 1522 1104 1561 montibus
1139 1520 1356 1559 Gebennis.

424 1576 540 1624 Defi'·
571 1578 718 1615 Omnes
744 1575 953 1616 latitudine
976 1576 1157 1629 superat,
1187 1575 1252 1614 sed
1279 1575 1357 1626 qui-

476 1630 635 1670 busdam
667 1630 917 1684 longitudine
953 1633 1073 1671 cedit.
1115 1630 1240 1676 Caput
1267 1643 1359 1682 par-

474 1698 568 1724 vum
601 1685 769 1738 nigrum.
801 1685 1002 1724 Antennae
1034 1687 1190 1725 muticae
1216 1686 1356 1737 nisrrae.

478 1739 643 1779 Thorax
692 1751 778 1781 ater
825 1741 974 1781 vellere
1025 1741 1154 1795 griseo
1187 1769 1199 1786 ‚
1247 1738 1356 1778 fusco

475 1794 706 1846 albidoqu'e
739 1795 946 1835 Abdomen
966 1796 1147 1850 nigrum,
1175 1804 1357 1834 tomento

477 1850 749 1890 viridescente
777 1852 944 1900 tectum,
961 1852 1002 1891 in
1026 1851 1158 1890 medio
1177 1849 1358 1912 nigredi-

474 1918 566 1944 nem
612 1919 693 1945 non
729 1906 973 1946 occultante.
1013 1905 1159 1944 Suhtuc
1203 1905 1359 1958 nigrum

477 1961 638 1999 nudum.
659 1960 822 2000 Femora
841 1960 1095 2001 hirsutiffima.
1121 1959 1245 1999 Tibiae
1245 1937 1361 2012 &pos-

476 2015 570 2053 ticae
599 2016 832 2056 incurvatae.
863 2015 955 2056 Alae
988 2014 1359 2068 fusco-diaphanae,

479 2070 594 2109 venis
629 2071 950 2112 fuscescentibus.

86 2154 321 2220 'Fascicula-
349 2179 417 2232 46.
450 2181 503 2219 A.
536 2183 554 2231 (
579 2180 617 2220 le
635 2180 852 2233 fascicule)
881 2182 1021 2236 niger,
1041 2191 1224 2222 tomento
1247 2181 1359 2221 luteo

124 2241 200 2274 tus.
479 2237 604 2275 tectus
637 2266 649 2285 ,
707 2237 784 2276 bafi
846 2248 1106 2278 antennarum
1167 2236 1360 2279 fasciculis

482 2291 635 2330 duobus
667 2291 778 2332 albis.

427 2344 525 2385 Hah.
555 2347 591 2384 in
632 2349 802 2400 Europa.
839 2350 883 2386 In
909 2348 1110 2388 montibus
1142 2348 1357 2389 Gebennis.

426 2399 543 2450 Dcfi.
573 2402 712 2443 Minor
747 2403 886 2457 niger,
914 2404 979 2445 secl
1020 2404 1150 2447 luteus
1180 2407 1357 2459 adparet.
