1737 2804
337 158 417 202 274
526 147 771 196 INSE'ch
800 151 1259 192 HYMENOPTERA.
1283 153 1431 206 Vespa.

723 261 857 302 amice
898 259 1047 305 lineola
1083 264 1202 305 flava.
1248 265 1358 303 Inter
1394 263 1611 304 crabrones

720 314 935 368 vespasque
971 316 1052 357 hoc
1088 320 1306 360 descrimen
1346 319 1609 373 assignaverat

720 371 935 417 Linnaeus,
978 371 1059 412 scil.
1099 376 1205 426 quod
1244 374 1385 426 punsta
1418 374 1531 426 nigra
1567 375 1610 412 in

721 425 918 465 crabrone
976 427 1175 478 nigredini
1230 428 1522 476 adhaerebant,
1568 430 1610 466 in

720 480 842 532 vespa
864 488 996 520 autem
1020 480 1195 533 separata
1220 486 1260 523 in
1284 493 1475 536 parteque
1500 483 1608 522 lutea

724 535 941 576 collocata.
971 537 1066 575 Haec
1099 547 1198 577 nota
1229 538 1446 579 variabilis.

667 589 760 640 Obfi
790 591 921 630 Nidus
952 603 975 630 e
1004 603 1165 644 papyro·
1187 595 1449 646 compofitus,
1482 593 1610 645 major

722 645 856 698 vespae
899 644 1106 685 crabronis
1141 648 1250 687 nido.
1295 648 1422 688 Color
1461 648 1610 702 griseus

723 700 840 742 luteo
886 699 1124 753 rubelloque
1168 703 1411 754 variegatus.
1463 703 1609 757 Quoad

722 755 1014 851 hujssslpapyri
1039 757 1240 810 originem
1264 757 1491 800 Renumurii
1512 769 1612 812 opus

721 824 803 852 con
827 825 849 851 u
867 825 904 851 e.
934 813 986 852 V.

777 922 845 961 Ex
871 933 1017 962 entom.
1048 921 1168 964 carn.

334 1034 560 1090 Sylvessris.
595 1033 661 1077 18.
691 1036 745 1076 V.
779 1032 850 1085 (la
867 1032 1071 1088 sauvage)
1089 1033 1257 1074 thorace
1279 1035 1411 1074 antice
1428 1035 1616 1086 utrinque

726 1087 876 1128 lineola
891 1089 1014 1139 flava,
1037 1088 1270 1129 abdomenis
1284 1089 1495 1143 segmentis
1511 1102 1616 1128 mar-

723 1144 819 1198 gine
860 1143 969 1184 flavo
1006 1145 1185 1197 repando
1219 1145 1381 1198 cingulo
1417 1143 1615 1184 distineris.

668 1199 771 1239 Hah.
818 1200 857 1238 in
896 1198 1020 1253 sylvis
1041 1228 1053 1247 ‚
1093 1199 1198 1238 inter
1229 1211 1359 1239 ramos
1393 1198 1578 1238 arborum
1599 1230 1613 1248 ‚

724 1254 793 1294 ubi
840 1253 977 1294 favum
1019 1267 1142 1293 unum
1194 1253 1311 1293 alteri
1362 1253 1575 1294 inaedificat
1600 1283 1615 1303 ,

721 1310 873 1350 nudum
916 1318 986 1349 aut
1031 1308 1186 1349 cortice
1237 1309 1350 1349 tenui
1390 1308 1572 1348 vestitum
1601 1337 1615 1358 2

720 1364 838 1416 cujus
855 1363 968 1404 cellae
986 1377 1075 1402 curn
1095 1363 1217 1402 larvae
1238 1363 1422 1416 perfedae
1441 1362 1617 1414 fueri-nt,

729 1417 925 1472 operculo
959 1417 1052 1457 albo
1080 1426 1286 1471 teguntur.

646 1473 786 1522 ·Defi:.
805 1471 952 1513 Differt
968 1485 990 1512 a
1006 1471 1116 1525 vesp.
1132 1472 1290 1522 vulgari
1308 1501 1321 1521 ,
1343 1471 1479 1514 fronte
1508 1473 1615 1514 flava

726 1526 874 1580 absque
925 1527 1071 1581 punsto
1125 1527 1259 1566 medio
1311 1527 1430 1581 nigro
1448 1558 1462 1577 ,
1512 1528 1619 1569 linea

726 1584 844 1638 nigra
860 1583 989 1623 media
1013 1581 1062 1622 ab
1092 1582 1204 1635 apice
1231 1583 1280 1622 ad
1305 1583 1475 1622 medium
1497 1583 1620 1635 usque

724 1638 944 1692 produd’t33
972 1636 1141 1677 thorace
1172 1638 1305 1678 antice
1337 1637 1485 1679 lineola
1508 1639 1620 1679 late-

725 1693 799 1734 rali
820 1724 832 1743 ‚
864 1706 947 1733 non
979 1705 1081 1733 vero
1119 1691 1281 1732 maculis
1309 1693 1480 1746 trigonis
1497 1724 1511 1742 ‚
1538 1693 1617 1732 ab-

726 1749 891 1789 domine
926 1749 1090 1801 -punffls
1134 1749 1258 1802 nigris
1303 1748 1437 1788 nullis.
1471 1752 1619 1800 Neque

727 1817 801 1856 pro
840 1805 970 1843 altero
1003 1803 1098 1843 sexu
1141 1804 1287 1856 prioris
1326 1803 1491 1854 habeo,
1524 1804 1619 1844 vul-

725 1860 834 1913 garis
861 1861 966 1898 enim
1005 1859 1049 1898 in
1087 1858 1205 1912 hujus
1238 1859 1334 1899 nido
1374 1871 1397 1898 a
1436 1871 1499 1899 me
1535 1858 1619 1899 visa

351 1960 362 1982 ἱ
728 1916 923 1955 nondum,

336 2014 561 2071 Maculam.
595 2036 659 2078 19.
691 2027 744 2068 V.
778 2028 794 2076 (
824 2025 861 2065 la
883 2023 1109 2076 tachete'e)
1134 2025 1347 2066 abdomine
1379 2025 1614 2078 puntstorum

322 2079 329 2105 ²
730 2081 927 2121 flavorum
969 2082 1129 2134 paribus
1171 2081 1298 2121 tribus
1325 2110 1337 2130 ‚
1378 2082 1506 2133 primo
1545 2094 1618 2121 re-

729 2137 955 2176 motiffimo.

671 2191 772 2232 Hah.
795 2193 833 2231 in
855 2194 1028 2244 Europa.
1055 2193 1101 2230 In
1123 2190 1252 2230 Gallia
1271 2190 1379 2230 Aust.
1397 2193 1452 2231 V.

674 2247 793 2297 Dese.
830 2246 956 2298 Caput
985 2256 1115 2286 totum
1146 2247 1314 2299 nigrum.
1346 2245 1508 2284 Thorax
1546 2258 1618 2286 an-

727 2304 809 2343 tice
835 2301 984 2342 lineola
1005 2302 1242 2341 terminatus
1261 2303 1484 2353 punquue
1502 2301 1611 2341 flavo

729 2357 888 2399 laterali
950 2356 1065 2409 supra
1130 2356 1211 2395 alas
1267 2356 1409 2409 pofito.
1466 2357 1612 2396 Abdo-

731 2429 816 2453 men
862 2413 1044 2456 acumine
1104 2411 1261 2458 deflexo
1283 2443 1296 2465 ,
1344 2412 1476 2453 amice
1528 2424 1611 2454 non
