1737 2804
329 163 379 224 56
434 175 680 215 INSECTA
709 174 1122 212 NEUROPTERA‘.
1143 171 1425 213 Heme'robids.

322 282 542 330 Obscurus.
572 291 642 335 24.
670 284 721 323 H.
752 284 770 332 (
794 279 964 321 l’obscur
988 280 1006 330 )
1033 281 1148 335 niger
1167 311 1180 330 ‚
1211 280 1283 321 alis
1311 279 1479 322 obscure
1508 285 1594 319 veae

709 336 840 385 nofis,
876 334 1088 376 abdomine
1117 335 1241 376 fusco.

652 391 752 432 Hah.
786 391 826 430 in
853 392 1039 443 Europa,
1067 389 1181 443 juxta
1207 391 1333 431 rivos.

323 502 540 547 Parvulas.
578 509 647 555 25.
676 504 727 541 H.
759 503 776 551 (
800 498 838 539 le
864 498 1059 551 laiteux)
1101 500 1174 540 alis
1214 499 1348 540 laaeis
1384 495 1552 550 integris
1572 521 1589 545 ‚

707 554 892 594 antennis
920 554 1019 594 albis
1050 554 1304 610 longitudine
1335 553 1533 607 corporis.

652 610 751 651 Hab.
781 609 820 648 in
855 611 1030 662 Europa.

656 665 745 717 012ss
779 664 862 707 Vix
886 663 1014 717 major
1045 664 1203 719 aphide.

748 814 750 816 ,
796 774 861 814 Ex
889 775 981 825 nost.
1010 776 1110 826 mus.

407 882 551 929 Rufus.
580 885 648 928 26.
677 887 727 927 H.
759 887 777 936 (
802 884 841 925 le
867 886 1008 936 roux)
1040 893 1154 925 totus
1183 883 1326 933 rufus,
1367 882 1440 924 alis
1470 881 1589 925 valde

707 940 930 981 reticulatis
946 971 960 991 ‚
988 940 1179 982 obscuris.

651 996 752 1035 Hah.
779 996 819 1034 in
836 996 1026 1048 Europa.

654 1050 745 1100 obs.
772 1052 882 1090 Inter
903 1063 1069 1105 magnos
1092 1051 1373 1091 numerandus.

392 1158 554 1207 Varius.
583 1171 653 1211 27.
680 1163 732 1202 H.
764 1163 782 1212 (
808 1159 846 1200 le
875 1160 1022 1210 varie)
1047 1159 1198 1201 collare
1219 1159 1368 1213 pallido
1386 1189 1399 1209 ‚
1423 1157 1592 1199 thorace

709 1215 1043 1268 nigro-luteoque
1070 1215 1296 1268 variegato.

650 1270 752 1312 Hah.
813 1271 854 1310 ιἰι
917 1273 1092 1324 Europa.
1147 1273 1195 1310 In
1248 1268 1392 1309 Breffia
1419 1297 1432 1314 ,
1484 1268 1593 1308 circa

653 1327 1056 1433 Βῧέῗᾶῗῦῖὲἓηίωάο
1097 1378 1241 1432 major.
1281 1377 1377 1418 Alae
1419 1377 1598 1432 amplae,

704 1436 842 1476 nitidae
859 1465 873 1486 ,
903 1435 1077 1489 hyalinae
1100 1465 1113 1486 ,
1145 1434 1422 1476 immaculatae.

319 1544 557 1601 Raphidioi-
580 1546 646 1589 28.
678 1549 728 1588 H.
761 1548 779 1598 (
805 1544 842 1586 le
868 1544 1120 1639 rgphidio'ide
1135 1544 1292 1598 )''niger
1309 1573 1321 1594 ‚
1350 1543 1421 1583 alis
1455 1541 1587 1583 fuscis.

347 1606 432 1645 desa
709 1613 741 1642 t.
796 1630 805 1640 ·
863 1631 872 1641 .
922 1631 930 1641 .

646 1602 1022 1713 Halq.7itzsl=3uropa.
1061 1658 1105 1696 In
1143 1653 1298 1694 Breffiae
1332 1653 1484 1707 sylvis,
1522 1653 1590 1694 sed

703 1711 926 1752 rariffimus.

647 1768 765 1817 Dese.
794 1765 920 1816 Caput
946 1775 989 1806 ut
1013 1767 1053 1806 in
1078 1764 1256 1819 raphidia
1279 1763 1444 1814 ophiopsi
1464 1793 1477 1812 ,
1522 1762 1589 1803 sed

700 1823 850 1862 thorax
876 1820 1068 1861 diversus.
1106 1820 1200 1860 Alae
1233 1818 1555 1871 opalo-nitentes
1575 1845 1589 1863 ,

701 1876 819 1915 hirtae
844 1904 857 1921 ‚
916 1875 1139 1915 reticulatae
1170 1904 1181 1922 ‚
1241 1874 1397 1913 ratione
1453 1872 1589 1912 insecti

702 1931 974 1983 magnitudine
994 1943 1146 1984 magnae
1164 1929 1266 1969 sunt.
1288 1927 1438 1979 Corpus
1457 1936 1587 1967 totum

705 1987 861 2038 nigrum
901 1986 960 2025 uti
1002 1993 1121 2039 caput
1149 2015 1162 2036 ,
1202 1985 1347 2025 thorax
1386 1983 1584 2036 etiamque

703 2048 899 2081 antennae.
926 2066 928 2069 >

862 2251 1047 2307 Q&
