1737 2804
273 149 329 203 85
383 155 628 195 INSECTA
659 129 1117 194 ΗῩΜΕΝοΡτειξΑ.
1147 150 1404 199 Tenthredo.

276 1240 500 1298 Annulata.

322 2056 511 2127 Furcata.

603 264 746 315 Beytr.
774 260 870 301 Zur.
898 259 1001 300 Nat.
1022 277 1064 314 p.
1086 260 1152 314 84.
1175 262 1237 312 sp.
1265 272 1334 313 42.

604 319 704 363 Hah.
734 319 772 356 in
802 319 974 369 Europa.

601 373 718 423 ‚Defin
765 372 924 423 Caput,
968 369 1143 422 thorax,
1196 380 1381 411 antennae
1399 398 1412 416 ‚
1459 384 1550 422 quae

657 434 804 481 praeter
841 426 941 464 duos
977 425 1115 466 baseos
1151 425 1342 466 articulos
1387 424 1545 465 brevis-

659 482 774 521 simos
811 493 893 519 non
938 481 1103 532 amplius
1141 480 1432 528 articulantur,
1471 478 1548 519 exe

657 534 908 587 troi-sumque
937 535 1137 576 craffiores
1171 535 1272 576 fiunt
1290 566 1302 584 ‚
1331 536 1369 576 ὅτ
1386 535 1548 587 femora

656 603 703 631 ac
736 604 869 637 anus,
909 602 984 630 nec
1017 603 1100 630 non
1141 590 1295 631 macula
1327 602 1469 643 magna
1506 590 1549 635 in

656 644 738 683 alis
765 645 909 693 amicis
934 644 1020 697 post
1044 645 1216 685 medium
1243 647 1292 684 ad
1327 645 1544 699 marginem

656 701 901 739 exteriorem
921 730 933 748 ,
980 700 1129 753 nigra3
1179 713 1326 740 nervus
1372 710 1516 739 tamem
1536 728 1551 747 ,

657 755 725 794 cui
742 754 895 795 macula
915 753 1072 806 adjacet
1088 784 1100 803 ‚
1127 755 1242 808 niger
1269 768 1352 794 non
1374 754 1428 794 est
1443 785 1455 803 ‚
1481 753 1549 793 sed

659 822 843 850 croceus,
877 811 1077 849 Caeterum
1107 809 1184 847 alae
1213 809 1333 861 usque
1357 811 1404 848 ad
1433 821 1544 848 mar-

657 865 795 918 ginem
843 864 970 904 dilute
1024 876 1183 903 croceae
1230 863 1352 913 sunt3
1397 862 1552 905 maenia

659 919 763 972 saepe
815 933 903 961 cum
949 918 1129 972 opposita
1169 918 1329 958 fasciam
1367 917 1512 957 format
1536 947 1551 968 ‚

656 975 743 1026 post
772 975 965 1014 maculam
990 975 1064 1013 alae
1092 974 1318 1014 excolores.
1339 972 1550 1013 Abdomet:

658 1042 848 1071 croceum
867 1060 880 1079 ‚
910 1030 970 1069 uti
997 1029 1035 1069 ὅ(
1064 1029 1184 1069 tibiae.

572 1140 634 1178 Ex
666 1138 844 1190 Mantiffl
877 1151 973 1183 tom.
1009 1151 1046 1179 1.
1076 1137 1135 1186 D.v
1164 1138 1260 1178 Fab.

542 1249 607 1292 18.
639 1251 689 1291 T.
723 1249 965 1302 (l’annule'e
992 1250 1010 1298 )
1058 1249 1244 1288 antennis
1279 1246 1552 1291 clavato-fili-=.=

664 1305 857 1345 formibus
897 1303 1199 1348 exarficulafis,
1237 1304 1382 1356 nigra,
1421 1303 1553 1343 abdo—

660 1362 766 1400 mine
794 1360 902 1399 flavo
923 1389 936 1409 ‚
969 1359 1078 1398 tarsis
1105 1357 1263 1411 posticis
1299 1357 1391 1398 albo
1424 1371 1551 1398 annu-

660 1415 767 1455 latis.

605 1470 706 1509 Hah.
736 1469 866 1510 Kiliae.
896 1468 954 1508 D.
981 1467 1182 1520 Daldmff:

605 1525 721 1575 Defis.
755 1527 899 1565 Parva.
939 1522 1094 1574 Caput,
1129 1535 1216 1562 cum
1260 1523 1444 1562 antennis
1474 1536 1552 1562 ex—

663 1580 835 1620 trorsum
877 1578 1151 1628 craffioribus,
1185 1578 1353 1630 nigrum.
1391 1577 1551 1617 Labium

662 1635 770 1687 pube
801 1644 1008 1687 argentea.
1041 1632 1203 1672 leorczx
1232 1632 1367 1672 subtus
1393 1633 1519 1672 flavus
1540 1662 1553 1682 ,

662 1689 777 1742 supra
810 1690 939 1743 niger.
969 1686 1177 1728 Abdomen
1209 1687 1382 1735 flavum,
1416 1688 1566 1726 imma-'

667 1745 858 1785 culatum.
900 1743 995 1782 Azae
1034 1744 1164 1789 albae,
1208 1741 1312 1781 costa
1352 1743 1555 1791 dimidiata

667 1809 768 1839 atra.
801 1800 928 1838 Pedes
953 1798 1073 1848 flavi,
1095 1797 1204 1846 tarsis
1224 1797 1382 1850 posticis
1405 1799 1555 1851 nigris,

664 1853 757 1895 albo
787 1854 1004 1903 annulatis.
1455 1857 1457 1859 ’

753 1964 818 2003 Ex
849 1966 942 2016 nost.
974 1965 1070 2014 mus.

543 2086 607 2130 19.
636 2076 688 2115 T.
721 2076 739 2126 (
764 2075 801 2114 la
848 2073 1082 2124 fourchue)
1137 2073 1320 2113 antennis
1369 2071 1512 2112 ciliatis
1540 2103 1559 2123 ‚p

668 2130 942 2170 exarticulatis
961 2159 973 2178 ,
1001 2128 1167 2168 furcatis
1198 2129 1238 2166 in
1265 2140 1395 2173 mare,
1426 2128 1557 2180 capite

638 2185 914 2235 ‚thoraceque
962 2184 1114 2236 nigris,
1160 2182 1370 2222 abdomine
1407 2182 1555 2222 ssaves-

667 2250 799 2280 cente.
835 2239 930 2278 Mas
961 2251 989 2278 t.
1015 2249 1058 2292 7.
1083 2239 1123 2292 f.
1159 2237 1242 2287 163
1281 2238 1466 2290 firmina.
1490 2248 1555 2285 17.

605 2295 707 2336 Hah.
736 2296 775 2335 in
806 2297 979 2348 Europa.
1027 2296 1073 2334 In
1108 2292 1168 2333 his
1203 2292 1435 2346 regionibus
1463 2304 1547 2332 non

664 2350 868 2403 frequens.

610 2406 724 2456 Dese.
743 2405 927 2453 Foeminae
943 2405 1188 2459 Magnitudo
1209 2403 1361 2446 tenthr.
1380 2403 1547 2445 ciliaris.
