1737 2804
322 172 406 215 266
514 176 761 220 InsncrA
787 179 1248 227 HYMEnon-ERA.
1271 184 1420 239 Vespa.¹

649 287 742 339 obs.
788 288 1039 332 Varietatern
1091 292 1208 348 hujus
1262 294 1393 348 vespae
1441 294 1592 335 indicaae

703 342 766 406 .Dt
813 342 940 396 Geoffi
979 345 1045 386 sed
1083 361 1173 390 cum
1216 349 1439 390 abdominis
1474 348 1594 389 fascia

704 410 830 451 prima
857 397 967 439 lutea
986 403 1142 443 caeteris
1175 418 1259 445 non
1277 404 1397 444 latior
1423 403 1475 443 est
1495 433 1506 451 ‚
1526 412 1596 443 aut

702 452 856 505 species
868 463 938 493 aut
952 453 1040 495 haec
1056 457 1277 499 differentia
1296 473 1378 500 non
1395 458 1592 499 constans-

700 507 863 549 Fascies
891 508 1120 551 abdominis
1151 512 1281 555 flavae.
1307 517 1361 557 V.

402 616 570 661 Gallica.
603 624 642 671 5.
671 620 727 662 V.
758 621 778 672 (
804 618 843 659 la
877 620 1095 670 Franqoise
1130 620 1149 669 )
1193 621 1361 664 thorace
1401 623 1592 675 utrinque

699 674 853 715 lineola
868 704 882 724 ‚
910 675 1030 715 dorso
1048 676 1316 719 sexmaculato
1334 706 1347 724 ,
1371 678 1593 718 abdominis

700 729 883 770 incisuris
918 729 1035 772 flavis
1055 761 1069 782 ,
1105 731 1277 773 secunda
1304 732 1558 774 bimaculata.

645 784 744 826 Fab.
776 795 843 826 10.

643 840 761 893 Scap.
791 839 887 895 827.
1005 887 1011 895 ,

647 894 773 950 Geoffi
822 908 921 938 tom.
963 907 1004 936 2.
1046 912 1090 949 p.
1117 906 1216 951 374.
1266 912 1307 938 n.
1352 904 1388 948 5.
1437 897 1551 951 nigra
1581 927 1596 947 ‚

697 952 869 994 thorace
908 951 1073 992 maculis
1112 962 1160 1002 15
1195 952 1340 1002 flavis,
1378 951 1595 1005 seg-mentis

697 1006 1021 1055 abdominalibus
1039 1009 1220 1062 margine
1245 1007 1389 1056 luteis,
1418 1006 1594 1048 secundo

693 1062 852 1105 macula
875 1064 1064 1116 utrinque
1096 1063 1216 1106 flava.

640 1117 757 1158 Poda
780 1134 844 1170 gr.
865 1134 909 1170 p.
932 1120 1027 1160 108.

639 1173 789 1214 Enum.
817 1189 857 1214 η.
881 1171 935 1228 78
971 1203 980 1213 .

640 1227 762 1269 Mizll.
793 1227 881 1268 Lin.
957 1238 1017 1269 at.
1046 1227 1098 1268 cl.
1127 1237 1176 1268 V.
1203 1243 1247 1282 p.
1275 1225 1370 1268 881.

639 1283 742 1324 Hah.
771 1284 811 1323 in
844 1286 1018 1336 Europa.
1061 1285 1107 1323 In
1141 1283 1287 1323 Gallia.
1324 1281 1437 1322 Aust.
1467 1284 1524 1324 V.

643 1340 804 1391 Corpus
837 1339 1087 1392 simillimum
1137 1339 1241 1390 vesp.
1288 1337 1475 1392 vulgari,
1519 1338 1594 1387 fid

689 1393 832 1445 paullo
866 1394 1013 1433 minus.
1040 1395 1171 1432 Frons
1210 1393 1361 1445 pedes,
1404 1392 1592 1446 segmen-=

695 1457 832 1486 torum
849 1447 1068 1486 abdominis
1088 1448 1318 1498 margines,
1339 1449 1473 1497 flava.
1502 1448 1593 1487 An-

696 1509 834 1541 tennae
857 1504 998 1552 flavae.
1028 1500 1196 1541 Thorax
1218 1503 1393 1552 margine
1424 1503 1586 1550 antico,

697 1556 804 1596 linea
842 1567 934 1595 ante
980 1556 1102 1606 alas,
1137 1556 1277 1607 punHo
1323 1567 1414 1594 ante
1452 1557 1484 1594 Gr
1519 1557 1594 1605 sub

696 1611 777 1650 alis
804 1614 934 1662 flavo,
977 1612 1092 1662 Regio
1115 1611 1273 1661 scutelli
1304 1611 1472 1650 maculis
1514 1611 1584 1650 lu·-

694 1667 777 1705 teis
802 1677 824 1720 3
849 1667 1007 1718 parium
1023 1696 1037 1714 ,
1075 1666 1213 1706 ultimo
1240 1665 1482 1717 oblongiore.
1503 1666 1594 1706 Ab·

641 1719 645 1722 ⁴
693 1721 869 1770 dominis
902 1722 1148 1773 figmentum
1189 1732 1217 1761 2.
1259 1732 1422 1775 utroque
1471 1721 1594 1761 latere

696 1776 854 1816 macula
895 1788 1017 1816 ovata
1049 1779 1184 1827 flava.

638 1829 739 1882 obs:
785 1831 889 1873 Hab.
921 1831 1099 1872 solitaria
1131 1834 1181 1872 ad
1206 1843 1369 1881 muros,
1397 1830 1592 1881 frutices,

696 1886 865 1928 arbores
909 1896 1024 1940 parte
1074 1887 1148 1928 soli
1188 1886 1364 1940 exposita
1386 1915 1400 1934 ,
1452 1885 1592 1927 umbra

696 1952 834 1983 tamen
884 1943 1043 1983 aliunde
1096 1943 1216 1983 tedia.
1265 1942 1396 1981 Nidus
1439 1940 1588 1981 hemis-

695 1997 929 2052 phaedcus,
966 1997 1120 2038 cellulis
1154 1996 1364 2052 pluribus,
1399 1994 1585 2048 inaequali

694 2067 897 2104 numero,
934 2052 1096 2093 adfixus‘
1121 2051 1278 2107 petiolo
1312 2052 1473 2100 tenaci,
1518 2050 1592 2091 ad-

694 2108 869 2150 haerenti
908 2108 1149 2149 membranae
1182 2106 1383 2148 communi
1424 2104 1590 2145 cellulas

694 2163 847 2218 postice
864 2163 1091 2218 obtegenti.
1108 2164 1246 2203 Mater
1260 2161 1343 2215 post
1360 2161 1495 2200 nidum
1518 2159 1586 2199 la-

696 2228 790 2260 tens
808 2219 996 2260 excubias
1012 2220 1094 2275 agit
1109 2248 1122 2267 ,
1142 2231 1218 2258 nec
1235 2215 1352 2256 facile
1375 2215 1591 2268 pellenda;

693 2273 766 2316 ubi
811 2283 946 2313 tamen
993 2273 1100 2327 pulsa
1145 2272 1235 2321 est,
1270 2270 1398 2311 statim
1446 2270 1589 2315 redit,

695 2330 935 2382 nidumque,
953 2327 1059 2368 forte
1076 2326 1249 2367 ablatum
1266 2327 1420 2366 interea
1436 2354 1448 2374 ,
1468 2324 1587 2365 anxie

694 2384 875 2437 inquirit.
928 2383 1117 2424 Inseaum
1172 2381 1301 2422 hortis
1348 2381 1549 2421 inimicum
1567 2408 1583 2429 s

696 2441 806 2494 quod
830 2438 978 2482 fruitus
1015 2441 1208 2479 Pomonae
1237 2437 1397 2478 exedat.
