1737 2804
307 208 551 251 lusae-u
581 196 860 245 Βιρτειιᾼ.
889 201 1047 244 Musca.‘
1240 202 1318 258 '485

389 315 481 366 Obs.
506 318 549 354 In
578 315 676 367 Syst.
708 313 767 355 D.
794 312 915 366 Geoff.
945 325 1028 352 non
1058 311 1200 352 citatus
1229 311 1325 354 fuit.

444 372 566 410 Certe
599 379 728 409 tamen
761 369 817 409 D.
845 369 939 408 Fab.
974 366 1142 406 muscam
1188 383 1227 405 n.
1258 377 1325 419 33.

441 426 513 474 ins.
533 425 648 474 parifi
670 438 741 476 pro
763 422 890 463 musca
907 424 1001 476 fera
1028 421 1145 460 Linn.
1176 423 1326 473 optime

441 479 529 533 jure
562 478 699 518 habuit
718 509 728 525 ‚
774 479 868 519 licet
915 480 955 517 in
1001 476 1076 516 hac
1127 475 1325 515 abdomen

440 535 596 588 nigrum
616 563 630 580 ,
655 535 695 573 in
722 535 787 573 iila
815 532 1025 574 testaceum
1049 531 1107 571 fit.
1129 532 1180 571 V.

111 641 270 685 Groffa.
302 653 394 698 193.
424 645 486 684 M.
519 646 537 694 C
562 643 600 682 la
627 643 789 697 groffe)
821 643 1004 683 antennis
1029 640 1180 681 ferariis
1202 640 1327 694 pilosa

443 700 557 752 nigra
576 728 589 747 ‚
618 698 688 737 alis
721 698 798 737 basi
825 697 1077 750 ferrugineis,
1105 697 1126 716 ⁴²

387 753 556 792 Reaum.
593 753 665 801 ins·
699 762 739 804 4.
775 763 807 791 t.
833 751 901 792 26.
928 753 969 804 f'.
999 761 1064 790 10.

387 807 486 849 Fab.
519 809 580 847 M.
604 817 642 858 4.

387 862 452 902 De
479 860 579 901 Ge'er
604 874 698 900 tom.
721 860 760 900 6.
782 877 826 912 p.
845 872 912 901 21.
952 876 991 900 n.
1013 870 1059 908 Ι,
1086 871 1125 899 2.
1147 859 1330 900 antenniS

446 917 601 956 ferariis
646 915 767 968 pilosa
819 918 931 968 nigra
951 946 963 965 ‚
1014 916 1144 967 capite
1189 915 1296 955 flavo
1315 943 1330 965 ,

445 971 572 1011 oculis
604 970 745 1020 fuscis,
774 970 844 1010 alis
866 970 942 1010 basi
970 969 1219 1022 ferrugineis.

384 1025 538 1079 Schaeffi
569 1026 670 1065 ico-n.
707 1037 740 1065 t.
764 1025 855 1065 108.
877 1026 918 1077 f.
948 1025 987 1064 6.

385 1081 537 1130 Harrifi
571 1081 643 1129 ins.
672 1079 797 1129 Angl.
836 1091 866 1119 t.
894 1089 932 1131 9.
953 1080 993 1130 f.
1017 1089 1053 1118 Ι.

384 1135 486 1174 Hah.
509 1136 547 1173 in
566 1134 738 1173 stercore
756 1134 924 1173 bovino.
943 1135 987 1171 In
1004 1131 1133 1170 Gallia
1150 1131 1333 1172 AustV..

383 1188 542 1227 Similis
563 1187 622 1225 M.
647 1188 873 1226 meridianae
887 1216 900 1235 ‚
916 1187 988 1235 fed
1006 1186 1134 1237 major
1152 1187 1331 1224 omnibus

442 1241 575 1289 nostris
609 1241 764 1287 muscis.

386 1293 505 1344 Dese.
536 1293 682 1343 Corpus
717 1294 926 1334 maximum
958 1293 1133 1333 omnium
1173 1293 1330 1334 musca-

435 1363 524 1390 rum
560 1347 774 1388 nostratum
799 1378 812 1395 ,
846 1350 1019 1401 undique
1043 1348 1190 1387 hirtum
1221 1348 1249 1388 s.
1277 1349 1333 1402 pi-

442 1404 582 1444 losum.
618 1402 749 1453 Caput*
775 1403 1031 1443 flaviffimum.
1066 1402 1179 1442 Oculi
1208 1404 1330 1456 nigri.

442 1459 646 1498 Amen—me
682 1456 948 1511 ferrugineae‚
985 1456 1162 1509 apicibus
1188 1459 1329 1510 nigris.

440 1513 535 1552 Αἶα
567 1513 708 1550 amica
731 1511 982 1566 ferrugineae.
1004 1512 1165 1562 Ungulae
1185 1514 1330 1564 pedum

447 1567 577 1607 flavae.
619 1565 741 1604 Faun.
771 1565 890 1620 1857,

390 1622 482 1672 Obs.
517 1632 553 1660 Ι.
588 1619 686 1659 DD.
717 1620 836 1660 Lina.
864 1622 902 1661 ὃ(
937 1622 982 1660 de
1017 1619 1131 1660 Geer.
1165 1633 1333 1672 quorum

444 1674 730 1727 descriptiones
762 1675 901 1715 slmiles
927 1676 996 1724 inst
1018 1676 1140 1726 paris.
1172 1677 1335 1716 minime

445 1732 699 1776 citaverunt,
724 1729 790 1770 sed
810 1730 1003 1770 diffirniles
1028 1732 1069 1769 in
1093 1729 1330 1784 synonymia

445 1785 503 1825 D.
536 1785 698 1824 Reaum.

393 1839 484 1890 Obs.
516 1851 554 1878 2.
596 1842 639 1878 In
679 1838 811 1891 specie
851 1839 908 1879 D.
948 1839 1042 1878 Fab.
1083 1852 1157 1892 pro
1198 1839 1329 1880 musca

446 1895 663 1934 meridiana
705 1895 742 1933 ὅ(
786 1896 924 1944 grofflz.
955 1894 1118 1934 Renum.
1159 1906 1252 1935 tom.
1287 1906 1329 1947 4.

442 1960 474 1988 t.
497 1948 564 1989 26.
584 1950 624 2000 f'.
654 1959 715 1987 10,
737 1949 947 1988 indicatur.
975 1947 1107 1998 Groffiz
1125 1948 1178 1987 est
1198 1949 1328 1990 musca

444 2012 528 2043 atra
552 2032 561 2049 ‚
603 2002 679 2043 basi
732 2002 879 2043 alarum
921 2002 1161 2057 ferruginea.
1204 2003 1338 2059 Geoff}

446 2069 543 2098 tom.
562 2069 602 2097 2.
625 2065 777 2110 p-495.
817 2073 854 2098 n.
878 2064 940 2109 54.

394 2112 482 2162 01>st
499 2123 536 2164 3.
555 2115 613 2151 Ex
628 2112 766 2152 Enum.
784 2121 894 2164 patet
907 2113 1046 2153 muscae
1056 2115 1189 2165 groffae
1206 2113 1323 2156 Linn.

441 2167 748 2219 descriptionem
758 2167 900 2206 muscae
913 2168 966 2206 D.
983 2167 1107 2221 Geoff.
1121 2182 1203 2209 non
1221 2182 1326 2209 con-

441 2223 596 2260 venire.
626 2221 766 2274 Reipsa
799 2221 1010 2269 differunt,
1034 2237 1108 2263 nec
1134 2227 1182 2264 ad
1220 2240 1258 2263 n.
1290 2232 1324 2272 5.

441 2275 514 2324 ins.
562 2276 684 2326 paris.
728 2275 979 2326 referendae3
1027 2291 1115 2317 n-am
1159 2282 1201 2318 in
1247 2279 1323 2318 hac

443 2338 630 2369 antennae
674 2330 855 2382 plumatae
897 2331 999 2372 sunt.
1049 2332 1164 2373 Solus
1201 2335 1328 2388 igitur

442 2383 499 2423 D.
518 2385 561 2423 de
581 2384 693 2424 Geer.
716 2398 848 2425 veram
867 2386 1033 2426 muscam
1049 2389 1211 2438 groffizm
1224 2388 1313 2441 Sys}

444 2438 656 2497 destripfit.
687 2439 829 2480 Nostra
848 2440 871 2480 8
892 2442 1024 2536 linea}
1040 2442 1159 2499 longa
1182 2443 1248 2485 est,
1269 2445 1319 2485 V„

953 2498 989 2537 H
1053 2498 1093 2550 iij
