1737 2804
325 140 407 193 378

599 142 843 181 InsEcrA
873 138 1150 180 DIPTERA.
1179 137 1340 193 Tipula.

650 251 819 290 Reaum.
848 248 923 297 infi
962 256 998 298 ς.
1029 260 1060 291 t.
1082 259 1124 304 7.
1150 251 1192 304 f.
1224 261 1305 303 17,
1340 247 1404 289 18.

651 304 747 344 Fab.
781 312 844 351 50.
872 316 961 343 cum
987 304 1111 357 ripula
1137 306 1368 346 hortulana.

650 359 714 398 De
737 356 837 397 Ge‘er
863 369 958 400 tom.
984 358 1023 399 6.
1048 377 1091 412 p.
1106 360 1203 412 428.
1230 378 1271 401 n.
1290 370 1354 414 33.
1377 369 1463 400 atra
1480 367 1592 407 tota,

706 414 893 452 antennis
924 415 1111 455 brevibus
1139 415 1327 456 subulatis
1344 443 1357 462 ,
1390 414 1460 455 alis
1489 428 1596 454 mar-

699 469 794 522 gine
844 469 1040 510 exteriori
1092 471 1242 524 nigro‚
1291 470 1399 511 tibiis
1450 470 1593 510 anticis

701 524 813 576 spina
846 524 1084 564 terminatis.

644 578 800 632 Schaeffl
830 579 932 618 icon.
969 590 1002 619 t.
1025 586 1090 627 15.
1111 581 1154 632 Γ.
1184 590 1203 618 Ι
1223 610 1236 631 ,
1264 592 1304 622 2.

646 635 791 673 Enum.
826 650 866 674 n.
891 632 986 687 877.

642 689 767 730 Mall.
797 689 889 728 Lin.
922 689 1028 729 Nat.
1059 689 1110 728 cl.
1139 700 1188 730 v.
1210 705 1254 741 p.
1282 702 1378 745 939.

641 745 744 785 Hab.
773 746 812 784 in
843 744 1043 807 fimetis&
1061 754 1169 784 terra
1198 755 1430 800 praegnante
1464 747 1592 801 primo

701 814 816 841 vere.

642 855 761 906 Dese.
803 857 1036 909 Longitudo
1070 855 1211 896 muscae
1244 857 1455 905 domestica!
1476 886 1489 903 ,
1527 857 1594 896 sed

698 910 828 952 multo
847 912 1063 964 angustior.
1090 912 1241 951 Totum
1269 924 1414 963 corpus
1429 912 1465 950 ὃ(
1482 921 1593 950 artus

697 979 839 1007 omnes
855 996 868 1015 ‚
883 968 1011 1020 nigra.
1027 966 1229 1006 Antennae
1244 967 1373 1019 capite
1395 965 1479 1004 fere
1496 965 1592 1005 bre-

699 1023 864 1070 viores,
892 1023 1115 1063 incurvatae
1134 1051 1147 1071 ,
1176 1021 1298 1061 boum
1315 1033 1467 1061 cornua
1482 1019 1596 1060 refe-

697 1087 836 1118 rentes
853 1107 866 1126 ,
888 1077 1014 1131 nigrae
1037 1108 1050 1127 ‚
1076 1076 1226 1131 singula
1243 1077 1391 1130 septem
1417 1075 1596 1115 articulis

698 1132 887 1178 conflat,
916 1133 1021 1184 quasi
1054 1132 1279 1185 perfoliatae
1309 1131 1471 1179 effentx,
1499 1130 1595 1170 hinc

694 1186 963 1234 breviffimae3
995 1187 1065 1225 sub
1095 1199 1168 1225 ore
1201 1188 1281 1225 duo
1312 1185 1417 1237 palpi
1435 1185 1592 1225 inflexi.

700 1240 761 1279 Os
780 1240 987 1292 proboscis
1000 1240 1076 1286 est,
1090 1252 1174 1279 non
1194 1239 1370 1279 acuieus.
1386 1239 1596 1278 Abdomen

697 1296 817 1335 maris
844 1295 995 1334 lineare
1023 1296 1061 1335 ὅ(
1096 1303 1225 1334 atrum
1243 1325 1256 1342 ,
1287 1294 1459 1335 foeminae
1493 1307 1596 1334 vero

695 1350 836 1390 subtus
860 1350 1080 1390 flavescens
1098 1380 1108 1398 ‚
1140 1349 1319 1389 crastum.
1349 1350 1444 1388 Αἶα»
1471 1350 1599 1403 nigri-

694 1414 836 1445 cantes
854 1435 867 1454 ‚
910 1406 1090 1458 margine
1129 1405 1332 1444 exteriore
1371 1405 1412 1443 in
1457 1405 1595 1449 medio⁴

695 1461 855 1511 nigrae,
895 1458 1071 1498 obscura
1111 1457 1266 1497 macula
1295 1488 1308 1506 ,
1346 1459 1414 1498 vel
1459 1459 1596 1499 saltem

697 1514 878 1567 margine
897 1512 981 1565 ipso
998 1513 1124 1565 inagis
1140 1522 1244 1552 atro.
1274 1511 1313 1552 T
1311 1513 1438 1552 lzorax
1457 1513 1594 1566 glaber

696 1567 779 1617 est,
807 1581 913 1621 pone
937 1569 1153 1607 carinatas.
1183 1567 1595 1608 Alce-incumbentes.

695 1622 863 1663 Femora
897 1624 1030 1663 antica
1060 1622 1275 1669 craffiora,
1304 1623 1500 1663 interiore
1527 1623 1590 1663 Ia-

693 1687 784 1719 teoe
814 1678 925 1718 sulco
953 1677 1238 1732 longitudinali
1263 1689 1442 1720 exarata.
1466 1677 1593 1721 Faun.

698 1732 821 1786 1765.

646 1789 738 1839 obs:
765 1788 1031 1843 Synonymia.
1064 1788 1123 1829 D.
1152 1787 1275 1841 Gcoffi
1313 1789 1482 1829 incerta.

644 1846 702 1885 1⁰.
732 1844 789 1886 D.
809 1845 994 1884 Linnaeus
1021 1845 1060 1886 &
1088 1844 1146 1884 D.
1167 1844 1346 1883 Schrank
1383 1846 1456 1894 ins.
1471 1846 1596 1896 paris.

695 1913 777 1940 non
816 1902 1047 1940 citaverunt
1094 1899 1293 1952 amboque
1339 1901 1388 1939 ad
1428 1901 1594 1953 tipulam

692 1956 882 2008 febrilem
912 1956 972 1994 n0.
998 1966 1038 1995 2.
1077 1955 1127 1995 D.
1157 1954 1282 2008 Geoff.
1313 1955 1557 1995 retulerunt.

642 2013 704 2055 2⁰.
723 2013 815 2065 Tip.
836 2010 1052 2050 hortulana
1073 2011 1111 2050 &
1130 2009 1295 2057 Marci,
1334 2009 1368 2048 le
1395 2012 1525 2049 bibion
1545 2012 1592 2049 de

703 2067 749 2105 de
779 2066 844 2106 St.
876 2065 993 2104 Marc
1025 2066 1113 2104 noir
1147 2067 1185 2107 ὅ(
1221 2066 1255 2104 lc
1287 2065 1411 2103 hibion
1448 2066 1492 2104 de
1533 2066 1600 2107 St.

696 2121 814 2160 Marc
863 2136 979 2171 rouge
1032 2134 1111 2160 una
1171 2121 1386 2170 eademque
1443 2120 1593 2172 species

696 2178 802 2229 apud
832 2176 889 2216 D.
919 2176 1016 2216 Fah.
1043 2179 1128 2215 Hos
1154 2177 1255 2214 duos
1292 2173 1474 2215 bibiones
1493 2204 1504 2221 ‚
1548 2185 1592 2215 ut

693 2231 887 2279 D.Fab.,
921 2230 1064 2283 copula
1091 2231 1245 2283 juniios
1267 2244 1278 2277 3
1302 2228 1453 2282 semper
1473 2231 1558 2270 vidi
1579 2260 1594 2278 ‚

695 2295 891 2340 praeterea
908 2288 958 2325 T.
975 2287 1109 2324 Marci
1123 2284 1217 2323 Mas
1231 2285 1446 2336 &foetnina
1474 2286 1590 2338 nigra

696 2343 982 2394 reperiuntur3
1013 2342 1066 2380 T.
1098 2339 1313 2378 hortularia
1342 2340 1464 2394 igitur
1504 2352 1589 2380 non

697 2409 804 2439 mera
831 2395 965 2437 Marci
989 2395 1179 2436 varietas.
1203 2397 1255 2436 V.
