1737 2804
312 145 395 199 '364
583 137 825 188 susac-re.
853 145 1138 190 nmmum.
1167 140 1332 203 Tipulass

309 253 533 307 Replicata.
562 266 630 296 22.
661 257 714 298 T.
746 255 825 307 (la
860 255 1052 309 replie'te)
1086 259 1157 300 alis
1191 256 1365 313 hyalinis
1399 257 1584 312 margine

694 312 881 350 tenuiore
925 324 1140 355 recurvato
1160 343 1173 362 ,
1218 326 1390 367 corpore
1438 311 1547 353 fuico
1568 341 1586 363 ‚

697 366 881 404 antennis
911 366 1160 419 fimplicibus.

639 420 703 459 De
735 417 850 460 Geer.
883 419 973 459 Λᾶ.
1001 422 1131 472 Upsal.

638 474 736 514 Fab.
765 485 831 527 29.
1163 483 1167 488 ·

635 528 701 568 De
731 528 832 568 ὅθεν
864 542 958 570 tom.
984 528 1023 570 6.
1049 547 1091 582 p.
1114 541 1206 585 351.
1236 546 1266 574 t.
1285 545 1354 574 20.
1374 534 1413 586 Γ.
1442 530 1585 574 1.-16.

692 583 823 632 fusca,
847 586 1031 625 antennis
1047 585 1322 635 filiformibus,
1344 589 1413 628 alis
1437 588 1584 639 pallide

694 636 812 679 fni'cis
834 643 1010 694 margine
1034 641 1219 682 tenuiore
1239 654 1469 684 recurvata.

595 698 598 704 ’
637 692 740 733 Hah.
773 695 810 734 ἰη
847 697 1015 747 Europa.
1051 699 1096 736 In
1124 698 1281 737 Breffia.
1303 700 1356 739 V.

633 749 752 798 Dese.
774 750 888 789 Oculi
901 751 1091 803 palpique
1106 753 1363 806 nigricantes.
1383 753 1583 791 Antennae

692 803 845 845 fusco-
864 808 1105 859 nigricantes
1153 817 1199 855 15
1253 807 1430 850 articulis
1473 807 1591 847 lente

695 858 842 913 pilosis.
889 862 1052 901 J't'zorax
1097 861 1270 912 crassus,
1312 863 1588 910 rotundatis,

694 915 862 968 griseus.
890 916 985 955 Azae
1006 916 1337 971 lucido-griseae,
1367 916 1585 956 secundum

699 971 995 1024 longitudinem
1043 972 1200 1024 plicatae
1217 1002 1230 1021 ‚
1283 972 1350 1011 sed
1389 973 1507 1021 fizpra
1550 970 1591 1009 ὅ(

694 1037 781 1065 non
807 1029 913 1079 znfra
942 1038 986 1067 ut
1008 1028 1048 1067 in
1082 1027 1226 1082 vespis.
1262 1028 1382 1066 Alam
1407 1025 1590 1066 extendit

702 1086 751 1119 ad
782 1082 976 1123 volatnm.

640 1134 777 1174 larva
830 1141 988 1189 apoda,
1035 1138 1190 1191 spinosa
1238 1138 1361 1179 viridi
1386 1164 1411 1171 -
1439 1135 1544 1177 fusca
1572 1164 1589 1185 ,

696 1189 799 1229 infra
826 1192 1162 1232 castaneo-fusca.

640 1243 775 1294 Pappa
829 1246 1108 1294 viridi-fusca,
1159 1245 1276 1286 fascia
1311 1247 1391 1286 lata
1420 1245 1588 1285 obscura

695 1298 872 1349 dorsali5
928 1300 1030 1340 infra
1066 1300 1197 1342 fasciae
1237 1311 1319 1341 tres
1360 1301 1590 1355 longitudi-

694 1353 822 1395 nales.
854 1355 1058 1407 Spiracula
1083 1357 1125 1395 in
1149 1356 1332 1396 thorace.
1360 1356 1424 1396 De
1446 1354 1562 1396 Geer.

309 1465 656 1518 Monoptera.23.
687 1465 740 1504 T.
772 1465 852 1514 (Ia
899 1466 1189 1517 Monoptere)
1225 1466 1371 1519 nigra,
1418 1465 1588 1519 pedibus

700 1518 901 1572 palpisque
934 1519 1102 1572 pallidis.
1125 1522 1146 1541 ’Ὦ

641 1572 740 1613 Fab.
770 1585 836 1627 30.

644 1629 772 1669 Faun.
805 1629 935 1670 Fridr.
971 1646 1010 1671 η.
1035 1628 1131 1684 679.

642 1683 742 1723 Hah.
772 1686 811 1724 in
846 1689 1018 1740 Europa.
1059 1688 1104 1726 In
1138 1685 1295 1726 Breffia.
1321 1687 1376 1727 V.

642 1738 797 1779 Similis
825 1742 963 1793 tipulis
991 1741 1070 1780 alis
1095 1743 1325 1792 patentibus
1343 1770 1357 1788 ,
1383 1741 1457 1791 sed
1479 1739 1589 1782 alam

700 1795 872 1836 alteram
903 1797 1022 1836 alteri
1075 1797 1270 1848 imponit,
1323 1797 1428 1851 quasi
1472 1798 1589 1836 unica

700 1852 787 1900 esset
820 1855 851 1893 ἐξ·
888 1853 1006 1893 culice
1036 1854 1179 1893 minor.

644 1905 762 1955 Dese.
790 1909 968 1948 Dimidio
1001 1908 1133 1948 minor
1166 1907 1308 1949 culice.
1341 1905 1491 1959 Corpus
1519 1907 1591 1948 ni-

697 1962 870 2015 gricans.
907 1963 1002 2002 Alae
1031 1962 1221 2017 hyalinae.
1248 1962 1452 2002 Antennae
1489 1976 1591 2003 cor—

698 2029 798 2070 pore
832 2019 995 2058 dimidio
1029 2018 1253 2059 breviores.
1286 2019 1408 2058 Pedes
1451 2030 1591 2058 omnes

700 2072 836 2125 pallidi
855 2073 884 2114 s.
909 2073 1045 2123 lividi,
1069 2083 1112 2113 ut
1149 2075 1267 2114 etiam
1295 2073 1418 2124 palpi.
1448 2073 1594 2114 Similis

704 2128 840 2179 tipulis
861 2128 931 2170 alis
954 2128 1100 2182 patulis
1116 2159 1128 2177 ‚
1155 2128 1223 2169 sed
1257 2129 1356 2167 alam
1378 2126 1493 2169 alteri
1515 2128 1593 2169 im·-

701 2184 819 2234 ponit
837 2213 850 2233 ‚
884 2184 988 2237 quafi
1015 2185 1133 2225 unica
1164 2182 1272 2224 effer.
1299 2182 1424 2222 Faun.
1448 2187 1568 2236 1756.

320 2293 575 2338 Arundineti.
590 2301 658 2346 24.
687 2293 740 2333 Τ.
771 2295 790 2344 (
817 2295 886 2334 des
936 2294 1104 2335 roseaux
1128 2295 1147 2343 )
1192 2293 1320 2334 albida
1343 2321 1358 2340 ,
1406 2295 1590 2336 antennis

705 2347 855 2388 villofis
874 2378 885 2394 ‚
922 2349 1049 2389 oculis
1078 2350 1189 2389 atris.
1216 2351 1236 2371 ³*

651 2403 749 2446 Fab.
766 2415 834 2458 42.
860 2407 971 2447 Inter
989 2404 1132 2460 tipulas
1154 2404 1225 2446 alis
1251 2404 1587 2449 incumbentibus-
