1737 2804
313 136 390 182 552
544 131 786 174 iusso-m
818 131 1097 173 DIPTERA.
1127 113 1334 176 Tabaniu&

633 242 739 282 Hah.
766 240 806 280 in
836 243 1025 293 Europa,
1052 245 1164 297 equis
1192 244 1367 286 infestus.

637 297 754 345 Dese,
805 299 848 335 ln
887 309 1037 350 genere
1067 299 1137 340 suo
1181 300 1247 341 hic
1279 300 1468 340 maximus
1508 297 1581 340 est..

690 349 789 389 Alae
799 351 1005 403 diaphanae
1015 381 1028 400 ‚
1039 355 1154 393 venis
1164 354 1413 410 ferruginei&
1429 354 1458 395 C
1461 369 1583 405 orpus

691 404 876 458 griseum.
896 404 1058 444 Thorax
1084 409 1281 451 cinereus.
1314 411 1427 450 Oculi
1452 410 1584 463 nigri-

691 469 846 501 cantes.
864 460 1031 510 Dorfizm
1050 461 1270 504 abdominis
1290 465 1358 505 sub
1376 466 1446 505 alis
1458 465 1586 518 magis

691 516 873 556 flavescit
894 547 906 565 ,
940 524 1054 555 extra
1086 529 1152 557 eas
1183 521 1305 571 magis
1332 520 1494 561 fuscum.
1536 522 1582 560 In

692 570 827 610 medio
867 571 1016 619 dorso,
1058 572 1099 611 in
1140 571 1292 626 singulo
1343 576 1585 629 segmento,

692 625 848 666 macula
896 626 1153 680 triangularis
1197 627 1360 678 albida,
1402 631 1582 671 acumine

691 680 902 721 thoracem
918 680 1131 733 spectante.
1147 680 1312 722 Femora
1324 685 1587 737 nigricantia3

694 737 806 778 tibia:
840 737 978 776 luteae.
1009 736 1137 778 Faua.
1166 736 1289 778 1882,

312 847 581 890 Autumnalis.
599 859 641 891 2.
670 848 722 889 T.
755 849 774 900 (
799 849 849 889 de
867 847 1122 898 l'automne)
1164 847 1236 888 alis
1270 848 1473 902 hydinss,
1519 849 1589 888 ab·

695 903 1008 1000 ξίῃέῐέιὲῗξωξυίεο
1031 934 1047 955 ,
1083 904 1226 945 ordine
1262 904 1413 958 triplici
1458 902 1594 944 albido

647 1014 764 1066 Scop.
795 1029 905 1055 carn.
936 1024 1058 1068 1007.

642 1069 740 1111 Fab.
774 1079 809 1117 5.

642 1126 796 1176 Harris.
827 1127 896 1175 infi
933 1125 1061 1177 Angl.
1088 1135 1119 1167 t.
1145 1136 1185 1179 7.
1212 1127 1253 1179 f.
1281 1136 1323 1178 4.
1469 1156 1476 1161 .

644 1181 747 1219 Hah.
777 1182 817 1218 in
857 1183 1031 1231 Europa.
1061 1183 1107 1219 In
1134 1180 1267 1220 Gallia
1285 1181 1399 1221 Aust.
1417 1185 1471 1222 V.

646 1233 764 1284 Defi.
780 1233 920 1273 Paullo
935 1235 1067 1273 minor
1082 1234 1234 1286 majore
1251 1234 1441 1276 nostrate.
1464 1234 1592 1276 Faun.

706 1288 783 1329 188
817 1317 825 1328 .

649 1344 739 1394 obſs
761 1300 1010 1385 Piaecedenti
1038 1344 1182 1383 rarlor.
1198 1342 1403 1383 Antennae
1418 1343 1594 1385 similiter

705 1399 910 1439 lunulatae.
934 1401 990 1439 V.

323 1503 580 1551 Tarandicus.
605 1519 645 1562 3.
674 1509 727 1548 T.
762 1502 872 1559 (des
921 1519 1067 1547 rennes
1106 1507 1126 1557 )
1176 1506 1304 1547 oculis
1356 1508 1550 1549 viridibus
1571 1513 1590 1550 3

706 1562 929 1603 abdominis
966 1562 1178 1617 segmentis
1220 1563 1399 1617 margine
1440 1563 1596 1617 luteis,

704 1619 872 1671 pedibus
906 1616 1016 1658 rufis.
1047 1619 1068 1639 '¹

653 1671 753 1714 Fab.
787 1672 828 1713 8.

653 1729 754 1770 Hah.
782 1729 821 1769 in
850 1730 1055 1783 Lapponia
1073 1756 1086 1776 ,
1118 1729 1372 1783 Norwegia,
1399 1732 1597 1771 tarando-

707 1798 796 1825 rum
824 1785 973 1825 tenella
1012 1797 1164 1825 cornua
1196 1797 1378 1838 pungens
1399 1815 1412 1836 ,
1446 1786 1597 1828 vulne-

708 1853 800 1880 rans
819 1870 832 1889 ‚
861 1840 1104 1880 deformans.

646 1895 771 1943 Dese.
789 1897 1070 1951 Magnitudine
1090 1896 1139 1936 ad
1152 1895 1203 1934 T.
1218 1895 1403 1935 bovinum
1423 1896 1597 1937 accedit.

709 1951 854 2000 Oculi,
897 1952 1072 1998 thorax,
1113 1951 1305 1989 abdomen
1343 1952 1488 2004 nigra,
1529 1951 1597 1991 sed

707 2006 968 2046 incisurarum
1004 2007 1202 2059 margines
1240 2005 1330 2058 pilis
1357 2007 1386 2047 s.
1422 2007 1600 2060 margine

708 2061 819 2102 flavo
837 2092 850 2112 ‚
884 2072 966 2102 tam
997 2062 1039 2101 in
1065 2061 1182 2101 dorso
1210 2073 1324 2112 quam
1350 2063 1391 2101 in
1417 2071 1560 2101 ventre
1585 2089 1601 2107 ,

710 2118 942 2171 cinguntur.
979 2117 1104 2156 Pedes
1128 2118 1166 2157 &
1184 2127 1367 2156 antennae
1394 2114 1491 2155 rufae
1517 2115 1601 2155 five

712 2171 881 2213 obscure
923 2172 1044 2214 luteae
1083 2171 1189 2213 sunt.
1238 2170 1332 2210 Alae
1371 2169 1597 2224 subgriseae‚

711 2226 840 2268 Faun.
872 2225 994 2280 1884.

385 2340 579 2384 Rusticus,
607 2348 649 2394 4.
677 2338 730 2378 T.
763 2337 833 2390 (le
851 2337 1049 2390 rustique)
1073 2335 1200 2377 oculis
1222 2334 1398 2391 giaucis‚
1417 2348 1591 2390 corpore

715 2393 879 2438 cinereo
902 2391 1159 2449 pubescente.
