1737 2804
359 191 413 238 32
489 184 730 226 Inszc‘u
760 185 1173 225 NnunornznA.
1196 182 1450 241 Phryganea.

738 291 990 334 hemerobios
1021 310 1061 334 n.
1083 304 1146 333 12.
1176 295 1288 335 idem.
1317 298 1418 349 apud
1441 295 1498 337 D,
1517 290 1613 336 Fab.

737 349 815 388 hoc
842 348 1061 400 exemplum
1095 362 1178 389 non
1212 349 1373 389 secutus‘
1401 351 1454 391 est
1479 351 1535 390 D.
1562 352 1610 390 de

740 402 839 441 Geer
861 402 898 441 &
923 404 1074 455 optimo
1104 403 1189 457 jure
1214 418 1226 453 3
1259 417 1347 444 nam
1383 406 1424 445 in
1463 405 1609 458 phryg.

736 457 795 497 D.
827 453 949 508 Geoffi
979 473 1018 498 n.
1043 469 1108 499 10.
1155 457 1226 497 alae
1262 458 1362 498 albae
1390 459 1509 508 sunt,
1544 458 1614 497 se‘d

736 510 1055 564 caeruleo-nigrae
1101 513 1140 551 in
1179 512 1321 566 phryg.
1364 514 1476 564 nigra
1514 513 1609 566 nyfts

737 567 829 606 inde
862 565 1000 605 citatio
1037 565 1293 607 emendanda.
1318 570 1369 609 V.

410 696 584 738 Azurea.
617 693 681 736 16.
713 689 758 734 P.
795 696 813 742 (
847 692 1017 734 l’azurke
1052 694 1071 743 )
1120 694 1192 735 alis
1238 694 1361 748 nigris
1393 723 1407 744 ,
1459 692 1609 746 postice·

734 748 943 790 violaceis.
972 750 994 771 '²

681 803 778 843 Fab.
806 811 850 850 15
860 833 869 844 .

679 857 781 898 Hab.
809 860 858 898 ad
893 871 1010 912 aquas
1047 861 1230 911 Europae.

678 912 792 963 Dese.-
835 915 970 954 Musca
1013 914 1155 953 minor.
1192 913 1285 952 Ala·
1321 913 1445 966 riigrae
1477 925 1486 952 z
1529 912 1612 951 fin.-

732 967 836 1021 gulae
861 971 913 1008 V.
946 967 1055 1007 fusco
1089 968 1214 1008 diviso
1236 999 1247 1016 ‚
1286 968 1340 1007 ita
1390 976 1523 1006 tamen
1560 974 1606 1006 uti

732 1023 970 1062 divaricatio
998 1022 1143 1061 litterae
1160 1022 1374 1075 posteriora
1396 1020 1578 1075 respiciat
1594 1051 1608 1070 ,

731 1076 773 1115 in
807 1090 883 1128 qua
921 1076 1034 1117 color
1077 1090 1240 1117 azureus
1276 1076 1444 1118 locatus.
1480 1075 1603 1118 Faun.

736 1140 855 1185 1491.

406 1256 577 1306 Ciliaris,
612 1253 753 1313 17.*P.
786 1259 803 1309 (
828 1256 865 1297 la
891 1255 1005 1298 cilioe
1030 1257 1048 1306 )
1080 1255 1217 1311 nigra,
1250 1253 1459 1294 abdomine
1478 1252 1610 1292 utrin-

732 1325 808 1364 que
832 1311 935 1352 linea
962 1312 1049 1351 alba
1068 1339 1080 1357 ,
1114 1311 1220 1350 tibiis
1246 1309 1401 1362 posticis
1426 1307 1611 1362 pamelio-s

731 1367 837 1407 ribus
859 1397 870 1414 ‚
901 1366 1083 1406 antennis
1109 1365 1388 1405 mediocribus.
1410 1364 1430 1385 ‘³²

677 1422 801 1462 Faun.
830 1422 957 1461 Fridr.
995 1430 1033 1460 η.
1064 1421 1153 1470 565.

674 1477 768 1517 Fab.
799 1476 931 1529 pufilla
958 1479 1039 1515 an?
1247 1526 1253 1529 q

676 1531 776 1573 Hah.
805 1532 843 1570 in
876 1533 1049 1583 Europa.
1077 1533 1120 1569 In
1150 1529 1306 1569 Breffia.
1331 1531 1383 1569 V.

675 1585 791 1636 Desb.
820 1584 984 1625 Thorax
1012 1584 1171 1636 pilosus.
1199 1583 1404 1623 Abdomen
1428 1584 1613 1636 utrinque

730 1641 836 1681 linea
862 1638 1140 1694 longitudinali
1181 1638 1339 1690 pallida.
1374 1640 1496 1688 Alae,
1534 1641 1610 1678 im·-

728 1696 863 1748 primis
904 1698 953 1734 ad
993 1695 1238 1747 marginem,
1282 1693 1439 1734 ciliatae.
1481 1694 1607 1734 Faun.

736 1761 752 1788 1
843 1779 853 1789 .

678 1760 918 1854 obsfwgonf,
948 1804 1040 1844 disc.
1058 1803 1113 1841 D.
1136 1803 1228 1843 Fab.
1256 1818 1393 1853 corpus
1418 1816 1580 1855 parvum
1595 1831 1609 1852 ‚

730 1859 953 1899 obscurum.
984 1858 1183 1897 Antennae
1224 1858 1472 1910 longitudine
1509 1870 1611 1897 cor-

731 1914 840 1967 poris
856 1944 867 1962 ,
886 1913 1098 1953 annulatae.
1118 1911 1211 1950 Alae
1236 1913 1379 1951 anticae
1404 1912 1609 1963 testaceae,

729 1968 873 2009 ciliatae
891 1998 904 2018 ,
935 1969 1085 2020 poflicae
1111 1969 1233 2021 magis
1259 1966 1389 2007 fuscae.

348 2092 592 2147 Marginata.
617 2090 681 2133 18.
712 2093 757 2132 P.
790 2094 809 2143 (
833 2091 870 2131 la
901 2091 1051 2132 bordbe
1077 2091 1094 2140 )
1129 2091 1326 2145 nigricans
1347 2122 1360 2142 ‚
1393 2091 1463 2132 alis
1496 2104 1607 2133 mar-

618 2174 619 2177 ¹
734 2147 825 2199 gine
858 2149 968 2186 omni
994 2146 1116 2186 flavo.

675 2201 771 2242 Fab.
804 2202 864 2241 16.

676 2256 774 2296 Hah.
807 2257 846 2295 in
882 2257 1036 2296 Suecia.
1071 2255 1146 2295 Th.
1180 2257 1389 2308 Bergman.

674 2314 831 2363 Corpus
885 2313 1035 2362 nigrum
1065 2341 1079 2358 ‚
1139 2314 1406 2362 magnitudine
1457 2312 1604 2353 culicis.

728 2367 892 2406 Thorax
928 2367 1071 2406 vellere
1115 2369 1283 2417 testaceo.
1324 2369 1412 2407 Alae
1449 2368 1569 2417 nigrae
1589 2396 1608 2416 5

729 2421 855 2461 cinc7ae
881 2423 1052 2472 margine
1083 2422 1200 2463 luteo.
1239 2424 1366 2464 Pedes
1388 2423 1549 2471 testacei.

1326 2478 1603 2529 Longicorni&
