1737 2804
1288 14 1326 34 N

375 133 618 173 lusae-m
646 135 925 178 DrarrERA.
953 137 1097 180 Afilus.
1295 142 1371 197 589

493 244 653 297 caprina
673 275 685 293 ‚
715 246 820 286 intra
853 260 967 300 quam
995 249 1099 288 varii
1134 250 1260 290 aculei
1301 253 1375 292 in·-

496 301 631 340 nocui.
659 299 782 340 Faun.
811 312 928 355 1911.
1410 352 1416 357 .

440 349 529 402 obs
542 355 695 394 Marem
709 357 924 410 decripfiffe
947 358 1107 399 videtur
1124 358 1178 399 D.
1195 360 1241 398 de
1258 360 1376 406 Geer,

497 411 541 447 In
564 417 734 463 utroque
759 411 851 452 sexu
881 424 1061 452 antennae
1089 413 1208 454 filatae
1237 417 1378 469 nigrae.

498 463 673 514 Rostrum
702 466 871 520 nigrum.
903 466 1028 518 Caput
1058 469 1270 522 depressum
1290 499 1304 516 ,
1333 473 1378 512 in

496 530 604 558 mare
631 521 786 569 minus,
812 522 902 574 pilis
941 523 1108 572 albidis,
1144 526 1182 564 in
1210 525 1379 574 famina

502 571 611 611 rufis.
670 573 833 614 Femora
888 577 1035 618 hirsuta
1095 580 1205 633 nigra
1223 610 1237 628 ‚
1287 580 1379 633 pilis

498 626 801 669 rufescentibus.
833 630 958 670 Tibiae
982 649 1116 672 omnes
1140 634 1236 673 rufae
1251 665 1265 683 ,
1288 635 1379 687 pilis

494 679 591 720 rufis
608 694 617 721 :
631 684 857 732 posteriores
877 687 1112 727 incurvatae.
1140 687 1178 726 T
1174 689 1251 742 arst
1275 688 1379 736 rufi,

497 732 538 773 in
566 736 791 787 quibusdam
826 739 964 794 nigris.
984 742 1076 782 Alae
1102 742 1378 785 flavescentes.

497 788 592 829 Mas
618 790 744 832 multo
771 793 914 836 minor.
942 799 996 843 V.

207 896 363 939 Gilvus.
392 909 432 952 7.
464 899 570 963 Αἵ(
595 900 632 942 Ie
669 912 781 996 sroux
812 907 831 955 )
856 906 1095 1001 fabffiomine
1140 908 1380 963 pubescente

498 968 537 994 ni
570 969 615 996 ro
688 971 708 996 u
740 971 782 998 ra
807 974 852 1000 ru
875 974 914 1002 o.

444 969 567 1063 ceos}
588 972 775 1062 pssrifip2.
803 1031 846 1066 p.
870 1016 965 1066 468.
995 1034 1034 1058 n.
1055 1029 1096 1070 4,

439 1061 536 1104 Fab.
569 1076 632 1117 14.
665 1067 808 1121 niger,
838 1071 1049 1114 abdomine
1074 1074 1186 1127 supra
1213 1074 1342 1116 fulvo.

440 1118 505 1157 De
557 1119 657 1161 Geer
702 1135 796 1163 tom.
825 1125 864 1166 6.
896 1143 940 1178 p.
967 1139 1062 1179 241.
1108 1145 1147 1169 η.
1171 1141 1213 1182 4.
1256 1143 1285 1170 t.
1311 1140 1379 1183 13.

482 1175 523 1226 f.
550 1184 594 1223 15
613 1179 628 1214 ?
657 1180 842 1217 antennis
864 1183 1022 1221 muricis
1048 1183 1217 1222 hirsutus
1239 1185 1381 1237 niger,

494 1227 567 1266 alis
615 1230 902 1282 ningcantibus
934 1265 947 1283 ‚
1005 1234 1217 1277 abdomine
1264 1237 1381 1290 supra

495 1281 603 1320 villis
636 1283 731 1322 rufis
765 1285 1078 1338 splendentibus,

439 1333 594 1388 Sclzaeffi
625 1338 725 1377 icon.
758 1351 791 1380 t.
818 1340 887 1393 78.
913 1345 953 1395 fi
983 1344 1040 1384 6?

442 1389 558 1440 Scop.
586 1406 626 1430 n.
656 1402 750 1445 977.
780 1407 876 1437 erax
902 1398 1051 1439 ferox?

440 1444 586 1486 Enum.
620 1462 660 1486 n.
690 1457 764 1501 991
785 1453 802 1488 ’.θ

439 1498 561 1540 ΜίὶΖΙ.
590 1500 675 1541 Lin.
706 1501 809 1543 Nat.
840 1507 891 1548 cl.
921 1519 967 1548 V.
991 1525 1034 1559 p.
1067 1516 1206 1563 1004?

439 1552 541 1594 Hah.
572 1556 613 1595 in
644 1558 818 1611 Europa.

443 1607 561 1658 Defi.
595 1608 721 1651 Totus
752 1622 839 1653 ater
858 1645 870 1663 ,
897 1629 1033 1668 parum
1058 1619 1242 1663 hirsutus.
1269 1623 1379 1665 Area

492 1676 636 1717 magna
671 1678 692 1705 a
727 1676 845 1722 tergo
885 1672 1105 1714 abdominis
1145 1676 1246 1717 rufa.
1281 1679 1380 1718 Alie

495 1717 628 1759 fuscae.
648 1719 780 1762 Faun.
810 1735 928 1777 1912.

439 1771 529 1822 Obgs.
577 1772 693 1815 Linn.
743 1788 893 1820 entom.
939 1795 1049 1823 carn.
1096 1798 1178 1825 non
1219 1788 1377 1829 citavit.

488 1831 594 1868 Erax
619 1830 742 1883 igitur
753 1834 876 1884 ferox
896 1835 1142 1892 synonymus
1173 1842 1253 1881 alili
1276 1843 1378 1894 gilvi

487 1883 577 1924 ,non
626 1883 824 1937 judicatus
873 1889 975 1942 fuit,
1025 1896 1062 1934 ὅ(
1101 1909 1244 1936 revera
1279 1911 1377 1940 erax

480 1939 604 1991 ferox
635 1939 690 1980 D.
715 1941 829 1993 Scop.
854 1942 1071 1988 femoribus
1105 1951 1232 1990 craffis
1256 1953 1377 1994 valde

491 1993 530 2032 &
571 1993 703 2046 pilosis
759 1998 941 2052 tibiisque
995 2003 1150 2055 posticis
1203 2010 1375 2050 arcuatis

488 2046 640 2100 semper
672 2053 849 2103 gaudet,
882 2058 988 2107 quod
1021 2072 1102 2098 non
1139 2059 1375 2105 observatur

485 2102 528 2141 in
555 2102 647 2143 asilo
678 2106 801 2156 gilvo.
826 2109 987 2163 Insuper
1012 2115 1198 2153 abdomen
1226 2119 1267 2156 in
1291 2117 1375 2160 hoc

482 2156 687 2210 glabrum,
708 2161 747 2200 in
767 2161 837 2202 illo
853 2165 893 2203 in
912 2175 1082 2220 utroque
1106 2170 1198 2210 sexu
1217 2180 1375 2214 tomen-

486 2211 645 2262 tosum;
669 2215 838 2268 denique
858 2222 975 2270 pedes
1007 2224 1132 2265 multo
1170 2226 1374 2281 longiores

487 2266 530 2305 in
574 2268 666 2307 asilo
691 2271 813 2319 gilvo.
849 2276 1135 2330 Synonymiam
1172 2284 1374 2325 austorum

491 2321 612 2360 retuli
639 2336 803 2377 propter
827 2332 1001 2370 omnium
1029 2332 1113 2374 fere
1136 2337 1374 2379 Entomolo-

491 2387 634 2428 gorum
661 2380 914 2435 consensum3
947 2385 1010 2427 sed
1037 2388 1186 2442 species
1207 2394 1371 2435 omnino
